1962 3314
877 146 1158 186 ...24-

384 259 654 302 Coniecturae
685 272 811 313 quam
839 271 878 312 p.
900 260 925 301 3
953 257 1005 299 de
1031 256 1169 311 symp.
1200 257 1304 309 VII,
1334 262 1377 309 5,
1407 261 1433 301 2
1453 272 1492 313 p.
1516 261 1634 301 705a
1663 270 1758 310 pro-

268 327 388 382 posui
408 324 444 369 (ὅ
455 342 481 369 σ
494 342 592 384 περ
623 341 645 367 ο
658 323 673 368 ἱ
686 323 1025 383 Κυρηναϊκοί
1044 338 1121 378 pro
1142 325 1285 378 inepto
1305 322 1457 383 ὥσπερ
1478 323 1523 367 αἱ
1546 327 1760 381 γυναῖκες,

269 398 425 440 iniuria
454 398 602 450 opinor
632 396 895 450 vituperatae
924 410 949 438 a
975 409 1145 438 censore
1175 409 1268 438 meo
1298 395 1343 436 in
1366 395 1524 438 Zarnki
1553 395 1760 448 Epheme·

268 465 429 508 ridibus
463 466 568 506 1862
600 477 637 517 p.
670 466 767 514 820,
810 462 1114 518 pondusculum
1158 461 1288 504 adicit
1321 463 1411 516 ipse
1441 456 1690 504 Plutarchus
1718 462 1763 504 in

270 539 372 589 sept.
405 548 490 587 sap.
518 548 630 575 conv.
659 547 699 587 p.
723 532 834 576 158f
857 529 1135 590 ἀφροδισίων
1165 531 1212 574 δὲ
1243 533 1375 574 νύκτα
1403 531 1477 575 καὶ
1507 531 1621 575 πολὺ
1650 548 1764 591 προ-

271 602 509 659 βάλλονται
544 600 712 654 σκότος.
755 602 821 645 Ad
850 617 889 656 p.
913 606 938 646 6
969 601 1075 644 adde
1106 601 1232 657 Verg.
1263 602 1519 646 Moret.,'74:
1550 593 1764 658 Grataque

270 675 473 718 nobilium
503 674 668 729 requies
706 674 872 716 lactuca
910 673 1119 725 ciborum3
1161 672 1216 715 ad
1244 686 1283 726 p.
1316 677 1340 715 7
1371 672 1423 715 de
1453 669 1620 726 λάχανα
1649 667 1762 727 ὠμά,

270 761 376 801 quae
399 745 602 788 Clementi
621 745 666 786 in
675 743 798 796 Paed.
813 743 856 785 II
867 758 906 797 p.
927 747 1015 794 173,
1035 746 1086 787 35
1100 743 1143 785 P.
1163 757 1239 796 pro
1261 739 1459 795 λαχάνων
1471 739 1566 791 ἔνια
1589 743 1766 795 restitui,

272 817 546 861 conferendus
564 821 627 860 est
646 817 797 860 Athen.
808 816 880 859 IV.
890 830 931 870 p.
947 816 1065 859 140b
1088 814 1218 870 μᾶζα,
1242 809 1388 871 ἄρτος,
1412 814 1556 873 κρέας,
1581 812 1768 870 λάχανον

272 883 414 940 εὖμόνς
454 901 494 940 p.
525 888 549 929 8
580 885 687 928 adde
715 885 914 928 Themist.
945 898 984 938 p.
1009 887 1088 927 261
1116 898 1138 926 0
1171 884 1260 934 πᾶς
1286 879 1309 925 ὃ
1339 882 1414 926 ἐπὶ
1445 884 1520 941 γῆς
1549 882 1623 927 καὶ
1652 880 1767 942 ὑπὲρ

272 958 345 1013 γῆν
364 954 524 1012 χρυσὸς
553 950 709 1013 ἀρετῆς
737 950 815 1004 οὐκ
839 949 1064 1004 ἀντάξιος,
1098 953 1172 996 ubi
1201 953 1307 995 mihi
1337 967 1420 995 non
1450 953 1644 996 convenit
1671 967 1766 995 cum

273 1024 428 1067 Cobeto
453 1025 667 1077 (Mnemos.
688 1025 794 1067 1862
814 1037 854 1077 p.
878 1024 976 1078 241)
1000 1022 1262 1066 coniectante
1283 1018 1371 1065 ὑπὸ
1393 1025 1493 1079 γῆς;
1518 1037 1558 1077 p.
1583 1027 1633 1066 10
1654 1037 1763 1066 com-

272 1108 502 1136 memorare
521 1093 737 1143 debebam,
752 1091 929 1146 phrasin
943 1089 1284 1148 φιλανθρώπως
1296 1092 1495 1149 χρῆσθαί
1506 1108 1590 1134 τινι
1602 1095 1650 1134 ut
1662 1092 1767 1144 aliis,

272 1166 400 1208 veluti
423 1165 624 1215 Diodoro,
654 1165 700 1206 in
730 1163 893 1207 deliciis
923 1163 1050 1206 etiam
1086 1177 1174 1205 esse
1204 1163 1430 1205 Plutarcho
1456 1163 1527 1205 cfr.
1563 1163 1678 1206 Alex.
1702 1168 1767 1207 44.

271 1235 411 1289 Pomp.
436 1239 471 1278 9.
504 1234 634 1277 Crass.
662 1237 714 1277 30
747 1236 789 1276 et
815 1233 1073 1276 contrarium
1104 1228 1439 1289 ἀπανθρώπως
1459 1230 1657 1290 χρῆσθαί
1686 1248 1771 1275 τινι

273 1305 412 1358 Pomp.
447 1309 508 1348 10.
567 1303 686 1355 Quod
715 1317 800 1345 non
828 1303 891 1345 ita
919 1317 945 1345 a
973 1317 1041 1345 me
1068 1301 1228 1344 dictum
1255 1292 1448 1358 intellegi
1476 1302 1622 1354 velim,
1650 1303 1770 1358 quasi

272 1389 382 1416 nunc
411 1389 464 1416 an
495 1388 580 1415 non
599 1376 713 1416 recte
733 1375 849 1415 mota
867 1372 996 1415 fuerit
1023 1372 1199 1426 suspitio
1222 1371 1274 1414 de
1295 1372 1387 1414 1000
1412 1370 1550 1427 Symp.
1567 1371 1639 1423 VI,
1671 1375 1713 1423 8,
1741 1375 1767 1416 2

273 1460 311 1499 p.
345 1450 426 1488 694
443 1460 465 1487 0
505 1444 761 1495 dubitarem,
802 1444 930 1486 immo
959 1443 1153 1498 quotiens
1191 1443 1321 1486 verba
1357 1443 1515 1499 relego,
1557 1444 1769 1500 graviores

272 1517 317 1557 in
346 1515 436 1557 dies
467 1515 518 1557 de
549 1515 761 1570 genuitate
792 1516 1059 1556 succrescunt
1086 1513 1282 1567 scrupuli.
1743 1563 1748 1567 ¹

386 1586 504 1637 Quod
534 1601 572 1641 p.
611 1591 662 1630 14
690 1587 735 1628 in
772 1586 862 1628 1000
893 1584 1031 1641 Symp.
1062 1585 1122 1637 ΙΙ,
1153 1589 1195 1637 6,
1226 1589 1251 1628 2
1278 1599 1317 1639 p.
1349 1589 1430 1629 640
1452 1585 1479 1627 d
1509 1599 1585 1639 pro
1614 1583 1767 1643 ὥσπερ

276 1650 400 1694 οἷ’κο
418 1656 513 1694 θεν
546 1650 704 1709 ἰχῶρας
734 1651 893 1694 conieci
923 1648 1075 1707 ὥσπερ
1118 1648 1439 1701 πισσώόεις
1469 1647 1627 1708 ἰχῶρας
1659 1665 1770 1694 nunc

274 1721 363 1773 ipse
409 1719 598 1773 inprobo.
669 1718 835 1762 Vellem
873 1718 1076 1772 scriptum
1113 1721 1221 1761 esset
1260 1715 1449 1775 ὥσπερ
1494 1715 1769 1769 ἑλκώὸεις

276 1788 434 1847 ἰχῶρας
458 1787 647 1844 συνάγει,
678 1790 723 1831 in
743 1789 896 1844 quibus
927 1784 1135 1838 ἑλκώὸεις
1167 1791 1232 1830 sat
1260 1787 1447 1842 profecto
1472 1789 1656 1842 proclive
1679 1792 1771 1832 erat

275 1859 485 1912 corrumpi
512 1859 557 1900 in
581 1855 777 1910 οἴκοθεν,
810 1858 1062 1912 praesertim
1080 1858 1125 1899 in
1153 1856 1245 1899 1000
1274 1857 1433 1899 mutilo.
1494 1856 1608 1899 Conf.
1629 1857 1767 1913 Symp.

276 1928 358 1978 ΙΙΙ,
395 1933 426 1979 1,
454 1931 479 1970 2
511 1926 581 1969 διὸ
609 1928 693 1969 τῶν
722 1927 802 1982 μὲν
837 1925 1015 1983 φύλλων
1045 1922 1383 1980 ἀποσπωμένων
1416 1920 1509 1969 οἷον
1544 1922 1671 1983 ἀλγεῖ
1697 1926 1771 1970 καὶ

278 1995 483 2040 δάκνεται
514 1995 566 2038 τὰ
594 1995 723 2054 φυτὰ,
756 1995 830 2039 καὶ
861 1993 1028 2052 γίνεται
1051 1994 1154 2052 περὶ
1184 1990 1295 2037 αύτά
1326 1993 1469 2052 βλάβη
1500 2012 1567 2047 τις
1598 1993 1769 2038 ἑλκώ-

278 2068 374 2124 δης
404 2070 445 2109 et
472 2066 525 2109 de
557 2066 746 2121 garrulit.
777 2080 816 2120 p.
850 2069 972 2108 510a
1002 2059 1064 2115 ὥς
1093 2062 1176 2121 γὰρ
1207 2062 1252 2105 ἕν
1280 2063 1343 2120 τῷ
1372 2062 1546 2117 σώματι
1576 2062 1690 2120 πρὸς
1715 2062 1771 2105 τὰ

278 2134 543 2180 πεπονθότα
573 2136 684 2193 μέρη
717 2135 791 2178 καὶ
823 2132 1040 2191 ἀλγοῦντα
1071 2132 1238 2189 γίνεται
1268 2132 1389 2190 φορὰ
1422 2132 1496 2176 καὶ
1526 2129 1659 2190 ὁλκὴ
1686 2135 1771 2175 τῶν

279 2205 478 2264 πλησίον.
530 2206 625 2261 Pag.
645 2210 691 2249 21
720 2205 827 2248 adde
850 2204 990 2260 Symp.
1010 2204 1094 2255 III,
1121 2208 1164 2254 4,
1188 2206 1212 2247 3
1228 2203 1467 2258 (γυναῖκες)
1486 2199 1613 2257 ὕλην
1633 2200 1769 2256 μόνον

277 2277 350 2319 καὶ
380 2275 595 2332 τροφὴν
636 2275 880 2332 παρέχουσι
919 2275 982 2330 τῷ
1019 2270 1111 2316 ἀπὸ
1151 2274 1230 2315 τοῦ
1270 2266 1473 2328 ἄρρενος,
1516 2270 1627 2315 unde
1667 2272 1770 2326 quin

275 2352 387 2389 recte
423 2347 474 2389 de
504 2349 594 2389 1000
624 2347 729 2401 plac.
763 2346 911 2400 philos.
941 2344 991 2395 V,
1021 2348 1045 2387 7
1074 2343 1379 2397 interpretatus
1405 2342 1502 2392 sim,
1534 2356 1619 2384 non
1647 2341 1768 2386 dubi—

280 2416 452 2458 tandum
478 2420 551 2459 est.
592 2417 658 2459 Ad
679 2431 731 2459 ea
757 2430 865 2472 quae
889 2429 928 2469 p.
949 2417 1002 2457 28
1025 2414 1113 2456 dixi
1143 2413 1194 2456 de
1224 2412 1352 2474 verbo
1384 2408 1772 2454 ἀποσαλεύειν

277 2486 393 2528 adice
423 2486 563 2540 Pomp.
589 2490 642 2529 77
675 2480 744 2528 ἐπ’
774 2482 968 2542 ἀγκυρῶν
1001 2481 1155 2540 πρόσω
1186 2482 1262 2538 τῆς
1288 2476 1434 2538 χώρας
1464 2475 1770 2524 ἀποσαλεύων.

277 2554 371 2609 Pag.
402 2558 454 2597 29
485 2554 539 2597 ad
578 2554 707 2598 verba
746 2551 908 2609 δρόσου
941 2549 1015 2594 καὶ
1051 2547 1241 2606 βοτάνης
1282 2543 1515 2591 ἀνάπλεων
1549 2550 1769 2607 καθαρᾶς,

277 2638 384 2677 quae
411 2622 497 2665 dixi
528 2624 717 2677 poeticae
746 2621 944 2665 dictionis
973 2634 1076 2663 aura
1105 2621 1317 2669 contacta,
1356 2632 1467 2660 nunc
1497 2617 1772 2661 conserendus

277 2690 382 2731 Plut.
412 2691 457 2731 in
485 2690 629 2745 Gryllo
665 2704 702 2744 p.
737 2693 818 2734 990
845 2704 868 2732 0
917 2685 1081 2745 δρόσου
1111 2701 1160 2728 τε
1197 2686 1405 2744 καθαρᾶς
1444 2684 1519 2728 καὶ
1547 2682 1772 2739 λειμώνιον

280 2754 480 2799 όόωδότα
510 2758 584 2800 καὶ
611 2757 744 2815 χλόης
770 2762 814 2802 et
843 2758 924 2801 Dio
956 2756 1165 2812 Chrysost.
1190 2755 1275 2798 XII
1304 2770 1343 2810 p.
1373 2757 1454 2799 386
1470 2756 1519 2800 R.
1588 2756 1685 2812 Pag.
1717 2759 1763 2800 31

277 2826 384 2868 adde
412 2827 589 2869 similem
617 2842 938 2884 synonymorum
972 2826 1296 2869 cumulationem
1321 2826 1366 2867 in
1398 2824 1546 2868 Coriol.
1579 2829 1604 2869 9
1642 2841 1770 2883 περι-

279 2893 497 2945 επτύξατο
531 2894 603 2938 καὶ
624 2894 942 2952 κατησπάσατο
974 2897 1017 2939 et
1036 2893 1187 2937 Anton.
1210 2897 1263 2938 70
1289 2887 1513 2951 ἠσπάζετο
1542 2891 1618 2936 καὶ
1646 2907 1774 2935 κατε-
