1962 3314
906 147 1184 188 ...55-

302 251 518 304 usurpavit
546 251 636 305 ipse
662 252 912 296 Plutarchus
940 253 1056 297 Aem.
1085 255 1197 298 Paul.
1227 259 1280 301 33
1311 256 1384 301 καὶ
1415 256 1584 316 δάκρυα
1613 235 1805 315 πολλοῖς

303 317 531 374 ἐκβάλλειν
563 321 743 378 συνέβη,
775 325 819 364 et
852 322 1038 365 omniun-1
1077 323 1318 377 saepissime
1348 325 1589 382 Euripides,
1616 332 1664 372 ut
1698 328 1798 373 inde

302 404 490 432 manasse
525 389 725 433 credibile
756 391 827 444 sit,
865 391 995 434 veluti
1025 391 1183 436 Hecub.
1215 396 1296 437 298
1326 392 1421 451 ἥτις
1456 394 1650 441 κλύουσα
1681 395 1798 456 θρή-

303 476 404 511 νους
435 456 511 502 οὐκ
543 456 595 502 ἂν
624 459 805 514 ἐκβάλοι
838 459 988 518 δάκρυ,
1022 462 1157 518 Iphig.
1178 462 1226 505 A.
1249 468 1327 508 451
1357 463 1556 520 ἐκβαλεῖν
1588 466 1802 524 αἰδοῦμαι

302 526 438 585 δάκρυ
476 530 580 572 00111.
610 545 646 572 v.
668 535 748 574 47*
780 528 862 588 ἐγώ
895 527 933 574 σ’
966 528 1043 591 άπῗ
1079 526 1223 574 ὅσσων
1253 531 1476 587 ἐκβαλόνι·’
1509 535 1614 580 ἷὸιὺν
1644 534 1795 593 δάκρυ,

299 599 435 655 Iphig.
463 600 505 642 T.
523 602 604 643 228
632 598 832 655 (ξείνων)
865 599 1038 658 οἰκτρόν
1068 598 1104 642 τ’
1137 600 1438 656 ἐκβαλλόντων
1469 603 1658 663 δάκρυον
1688 609 1792 651 conl.

301 671 387 714 Ion.
430 675 511 714 924
550 671 695 714 Helen.
735 675 840 715 1336
879 671 1002 714 Herc.
1044 671 1122 714 sur.
1166 676 1247 717 933
1285 673 1398 717 Aeol.
1440 676 1543 733 fra‘g.
1583 678 1794 737 XX111*).

298 743 452 794 Quodsi
485 743 590 786 haec
617 742 893 786 concedamus
923 742 1099 802 indubia
1129 758 1236 796 esse,
1266 759 1351 788 non
1373 747 1495 791 video
1523 749 1625 803 quid
1647 764 1794 794 causae

299 814 371 864 sit,
412 829 486 856 cur
517 811 745 867 ἐκβάλλειν
775 828 827 856 ea
855 813 1027 856 licentia
1066 814 1135 856 hic
1173 811 1418 870 usurpatum
1455 833 1541 861 esse
1572 834 1792 873 sumamus,

299 901 425 942 quam
451 901 549 928 usus
579 889 622 929 et
644 887 753 929 ratio
777 887 1006 941 reprobare
1028 886 1230 930 videatur.
1274 889 1412 940 Quare
1443 890 1592 944 reponi
1624 891 1794 935 mallem

300 957 374 1000 καὶ
412 954 600 1011 δάκρυον
639 957 877 1004 ἐκκαλεῖ
914 958 1036 1012 (conl.
1078 959 1184 1001 Plut.
1225 959 1371 1003 Pericl.
1417 965 1436 1004 1
1478 960 1553 1018 τὴν
1595 961 1797 1006 διάνοιαν

299 1026 480 1083 ἐπάγειν
516 1028 585 1070 δεῖ
618 1026 843 1082 θεάμασιν
885 1021 913 1069 ἃ
943 1029 1006 1084 τῷ
1039 1026 1211 1084 χαίρειν
1243 1027 1357 1086 πρρς
1386 1028 1437 1072 τὸ
1469 1028 1630 1074 οἰκεῖον
1659 1026 1792 1090 αὖτὴν

301 1095 474 1154 ἀγαθὸν
505 1097 753 1146 ἐκκαλεῖ)
782 1098 847 1140 vel
879 1094 1068 1153 δάκρυον
1098 1095 1404 1151 ἐκβάλλειν
1435 1103 1607 1143 ποιεῖ.

409 1169 599 1212 Verbum
627 1167 848 1220 ἐκκαλεῖν,
881 1169 999 1211 cuius
1028 1169 1119 1211 loco
1156 1169 1353 1211 usitatius
1382 1172 1474 1212 erat
1502 1171 1687 1214 medium
1719 1171 1790 1215 ἕκ-

299 1239 558 1288 >samaa-az,
590 1237 804 1281 commode
835 1254 901 1282 me
932 1238 1147 1289 admonet,
1177 1241 1224 1280 ut
1249 1251 1373 1291 opem
1403 1237 1538 1282 feram
1558 1239 1787 1284 Plutarcho

296 1312 379 1354 alio
415 1312 506 1354 loco
544 1310 697 1353 misere
735 1310 873 1353 adhuc
910 1310 1139 1364 depravato
1174 1310 1220 1352 in
1259 1309 1415 1353 Erotio.
1444 1324 1484 1363 p.
1514 1314 1595 1354 765
1616 1316 1659 1363 c,
1701 1312 1785 1363 ubi,

297 1383 532 1437 quicunque
564 1381 750 1423 furentes
779 1380 934 1423 amoris
962 1380 1083 1435 ignes
1109 1379 1370 1435 restinguere
1401 1393 1628 1434 eorumque
1655 1379 1710 1422 inv
1729 1381 1787 1423 vi-

297 1467 387 1495 cem
417 1455 544 1494 lumen
573 1454 699 1506 atque
732 1451 932 1505 fulyorem
972 1450 1225 1493 substituere
1262 1450 1409 1501 velint,
1450 1451 1637 1504 corporis
1665 1466 1792 1496 venu-

295 1525 463 1572 statem,
493 1522 609 1563 cuius
633 1507 838 1574 ‘adspectu
865 1520 1041 1563 coeundi
1068 1520 1280 1574 adpetitus
1309 1520 1549 1571 suscitetur,
1573 1525 1791 1575 praeterire

295 1593 512 1643 iubentur,
551 1595 600 1633 ut
638 1591 751 1633 omni
788 1605 896 1645 quae
926 1590 1038 1632 circa
1066 1590 1251 1644 corporis
1277 1589 1424 1632 florem
1452 1592 1642 1632 versetur
1677 1590 1790 1633 volu-

294 1665 412 1716 ptate
443 1661 642 1714 seposita,
672 1659 805 1701 multo
833 1658 918 1701 iam
948 1658 1198 1700 diviniorem
1227 1657 1660 1712 praestantioremque
1692 1671 1786 1700 con-

297 1733 509 1774 sectentur
547 1733 765 1771 animorum
816 1742 1002 1770 amorem
1041 1731 1168 1782 atque
1209 1726 1562 1777 coniunctionem,
1601 1731 1694 1781 qua'
1723 1741 1787 1770 sa-

293 1800 455 1855 pientia
483 1802 526 1842 et
551 1799 738 1853 reliquae
768 1797 944 1840 virtutes
973 1798 1203 1852 pariantur.
1251 1797 1367 1839 Haec
1395 1811 1503 1851 quae
1527 1788 1787 1840 Platonicam

294 1882 464 1922 prorsus
499 1867 683 1920 resipere
720 1865 837 1908 vides
875 1865 1126 1918 doctrinam,
1169 1866 1231 1908 ita
1268 1879 1465 1922 expressa
1499 1869 1597 1907 sunt
1628 1862 1707 1908 οὐκ
1737 1861 1790 1910 ἂν

296 1931 319 1977 ὁ
350 1933 488 1985 πολύς
511 1932 680 1992 χρόνος,
713 1932 758 1975 ἑν
789 1925 824 1989 ᾧ
850 1930 900 1975 τό
931 1948 977 1975 τε
1008 1933 1136 1985 σῶμα
1166 1931 1216 1975 τὸ
1245 1934 1332 1974 τῶν
1359 1931 1590 1990 ἐρωλιιένων
1620 1933 1790 1992 παρελ-

295 2001 455 2054 θόντες
484 2001 570 2046 ἔσω
602 2003 835 2060 φέρονται,
868 2002 942 2045 καὶ
973 2001 1192 2045 ἅπτονται
1222 2003 1302 2045 τοῦ
1332 1997 1496 2058 ἤθους,
1527 2000 1790 2047 ἐκκαλού-

294 2089 466 2128 μενος
494 2072 591 2124 τεὶς
631 2067 821 2129 ὄψεις,
861 2074 1096 2129 καθορῶσι
1134 2071 1208 2115 καὶ
1240 2070 1516 2129 συγγίνονται
1548 2071 1622 2115 διὰ
1650 2071 1792 2130 λόγων

297 2142 442 2185 πολλὰ
474 2141 548 2185 καὶ
579 2139 780 2199 πράξεων
803 2137 1034 2198 ἀλλήλοις,
1069 2136 1121 2183 ἂν
1148 2139 1404 2199 περίκομμα
1435 2142 1516 2183 τοῦ
1545 2143 1684 2184 κακοῦ
1713 2143 1787 2186 καὶ

295 2210 478 2255 εἴδωλον
508 2212 552 2254 ἕν
582 2214 679 2262 ταῖς
710 2208 930 2261 διανοίαις
960 2208 1125 2263 ἔχωσιν.
1169 2206 1328 2262 Quibus
1356 2214 1404 2253 ut
1431 2211 1567 2265 proba
1591 2211 1668 2254 fiat
1694 2227 1786 2256 sen—

293 2286 426 2328 tentia
461 2289 504 2328 et
543 2282 707 2340 singula
742 2287 856 2327 recte
892 2284 1162 2336 cohaereant,
1201 2284 1559 2338 promptissimum
1595 2285 1675 2328 hoc
1711 2286 1783 2328 ad-

294 2356 527 2399 movebitur
564 2354 796 2398 remedium
835 2357 882 2396 ut
921 2353 1130 2396 scribatur
1169 2353 1243 2395 καὶ
1286 2350 1507 2396 ἅπτονται
1539 2355 1617 2396 τοῦ
1646 2349 1789 2411 ἤθους

294 2420 387 2463 καὶ
417 2419 792 2474 ἐξακούμενοι
823 2418 918 2470 τὰς
945 2414 1117 2475 ὄψεις
1146 2421 1376 2474 καθορῶσι
1406 2419 1480 2462 καὶ
1510 2420 1786 2478 συγγίνονται

294 2489 367 2532 διὰ
389 2489 529 2546 λόγων
562 2488 708 2533 πολλά
730 2489 836 2542 κτλ,
870 2504 977 2545 quae
999 2489 1061 2532 ita
1078 2489 1251 2532 liberius
1273 2488 1545 2543 interpretari
1566 2489 1684 2534 licet:
1716 2492 1789 2548 qui

384 2626 417 2668 ²¹³²)
459 2627 494 2661 ln
528 2628 597 2662 hoc
629 2632 828 2664 transcursu
863 2631 991 2665 notabo
1030 2626 1194 2675 δάκρυον
1227 2626 1373 2675 ἐξάγειν
1408 2631 1539 2664 dixisse
1576 2631 1663 2666 Plut.
1698 2632 1784 2668 Mor.

292 2693 325 2725 p,
351 2683 441 2725 6111,
474 2681 616 2730 δάκρυα
642 2682 823 2731 προάγειν
847 2685 963 2729 Eurip.
990 2686 1064 2730 Iph.
1091 2687 1130 2720 Α.
1159 2687 1266 2729 1550,
1300 2689 1350 2725 εἷς
1373 2683 1516 2734 δάκρυα
1547 2685 1785 2733 προάγεσθαι

293 2740 416 2782 (pass.)
443 2741 524 2776 Zon.
550 2743 670 2776 Annal.
697 2743 754 2786 IV,
782 2745 801 2776 3
828 2755 861 2787 p.
889 2744 974 2787 314,
1001 2745 1022 2777 4
1050 2744 1139 2779 conl.
1165 2755 1198 2788 p.
1217 2745 1294 2786 318,
1324 2746 1363 2779 12
1391 2745 1543 2789 (Ioseph.
1571 2748 1682 2790 Antiq.
1707 2747 1783 2784 lud.

291 2798 349 2841 M,
370 2800 402 2841 5,
423 2801 441 2832 5
466 2803 574 2846 μέχρι.
599 2804 662 2836 τοῦ
677 2800 851 2851 δακρύειν
875 2799 1147 2849 προήχθησαν),
1173 2799 1316 2850 δάκρυα
1342 2803 1512 2850 ἐκφέρειν
1530 2804 1677 2848 Proeop.
1699 2804 1733 2840 h.
1754 2816 1783 2841 a.

291 2868 324 2900 p.
350 2859 414 2898 57,
441 2859 472 2901 3,
499 2856 662 2907 δάκρυον
695 2859 887 2897 ὑποκινεῖν
912 2860 947 2896 S.
975 2861 1097 2908 Chrys.
1125 2862 1169 2895 de
1193 2861 1325 2907 Babyla
1349 2873 1382 2906 p.
1409 2863 1489 2906 245,
1518 2863 1550 2896 5.
1600 2861 1785 2906 singulare

292 2919 345 2950 est
369 2914 407 2951 τὸ
433 2914 596 2966 δάκρυον
621 2918 894 2968 καταλαμβάνει
919 2918 1000 2957 τινά
1029 2921 1122 2965 apud
1146 2922 1282 2955 Annam
1307 2920 1427 2958 Comn,
1453 2921 1496 2966 V,
1522 2922 1542 2956 8
1564 2932 1599 2966 p.
1625 2923 1703 2966 262,
1731 2924 1762 2959 2.
