1962 3314
921 143 1202 184 -62-

318 265 508 306 perverse
538 250 776 293 meminisse
802 250 911 292 Plini
940 249 1044 300 loci,
1084 263 1180 292 cum
1208 249 1315 292 miro
1353 250 1478 304 plane
1517 264 1659 293 errore
1698 263 1806 305 quae

317 336 391 364 sua
430 324 576 375 sponte
612 320 837 375 conligitur
877 319 1010 362 dulcis
1048 334 1158 374 aqua
1194 319 1240 361 in
1268 320 1360 362 istis
1388 321 1515 373 vasis,
1555 335 1631 375 per
1669 333 1809 363 ceram

317 391 436 446 quasi
458 391 496 433 ei
514 390 728 444 percolata
746 389 959 432 videretur
982 403 1071 432 esse
1091 403 1201 444 aqua
1218 390 1392 435 marina.
1433 390 1642 434 Videntur
1669 393 1811 433 autem

315 462 558 517 navigantes
587 461 696 503 hanc
723 461 987 514 potissimum
1017 460 1069 503 ob
1097 474 1266 502 causam
1293 475 1415 504 cerea
1434 476 1533 504 vasa
1552 461 1805 511 adhibuisse,

314 533 425 588 quod
444 547 583 574 ceram
606 531 838 574 diutissime
867 530 1139 586 frigorisvim
1163 530 1346 574 retinere
1376 545 1454 573 usu
1480 531 1643 585 experti
1673 532 1805 580 erant,

314 602 397 652 vel,
438 605 486 642 ut
523 601 657 655 magis
701 601 780 643 hoc
820 600 1102 643 recentiorum
1140 593 1407 655 physicorum
1446 600 1805 643 accommodemus

313 667 498 722 placitis,
527 667 757 710 lentissime
787 667 969 711 calorem
998 680 1233 722 propagare
1262 667 1343 710 sibi
1371 667 1669 720 insormarant,
1707 666 1804 710 inde

315 738 508 780 effectum
537 740 610 788 est,
640 740 685 778 ut
706 751 850 779 cereae
879 736 991 790 pilae
1021 749 1195 790 vapores
1221 751 1247 785 e
1266 737 1374 779 mari
1405 737 1675 780 escendentes
1704 750 1800 779 con-

313 806 526 849 densando
557 806 836 861 guttatimque
865 806 979 847 intra
1008 820 1110 848 cava
1139 806 1388 861 conligendo·
1413 807 1563 850 eximie
1593 807 1687 849 usui
1717 821 1805 850 esse

309 877 587 920 crederentur.
678 877 811 927 Quam
854 875 1042 918 mirificis
1087 880 1227 919 autem
1277 877 1510 932 anbagibus
1558 880 1799 932 quantaque

310 948 465 990 astutia
502 950 662 990 veteres
703 961 750 989 eo
786 946 955 1006 deducti
985 947 1161 998 fuerint,
1195 950 1243 989 ut
1271 949 1409 991 ceram
1450 948 1715 1003 potissimum
1749 947 1804 991 ad

312 1018 388 1060 has
416 1017 524 1071 pilas
553 1016 830 1059 conficiendas
871 1017 1063 1059 adhiberi
1100 1031 1221 1071 posse
1251 1018 1296 1059 in
1325 1018 1512 1060 animum
1551 1017 1804 1069 induxerint,

308 1087 421 1131 haud
450 1088 532 1129 cito
550 1087 643 1142 quis
673 1086 881 1129 decernat.
924 1087 1073 1141 Itaque
1103 1087 1149 1128 in
1169 1087 1235 1128 his
1256 1087 1427 1142 quidem
1455 1087 1491 1129 si
1511 1101 1636 1130 causa
1664 1087 1718 1130 ad
1737 1101 1804 1129 me

309 1159 522 1201 deferatur
550 1157 784 1209 diiudicem,
813 1157 1026 1200 verissime
1055 1158 1302 1211 scriptorem
1329 1172 1406 1212 pro
1434 1162 1561 1212 captu
1586 1173 1659 1201 suo
1688 1157 1797 1200 indi-

309 1243 421 1271 casse
445 1243 566 1270 usum
595 1242 810 1271 cereorum
837 1242 1039 1270 vasorum.
1097 1227 1217 1278 Quod
1257 1227 1568 1272 admonendum
1597 1227 1717 1279 duxi,
1754 1229 1803 1268 ut

308 1297 359 1339 de
390 1295 608 1338 Strabonis
649 1295 739 1337 loco
779 1309 917 1342 meam
955 1295 1252 1350 subiungerem
1289 1295 1539 1338 sententiam
1578 1295 1687 1338 libro
1715 1295 1802 1347 ΠΙ,

312 1367 566 1414 1552240,
599 1368 644 1414 5,
681 1363 754 1405 ubi
781 1363 826 1404 in
855 1363 1151 1405 Lusitanorum
1187 1377 1350 1405 morum
1380 1363 1661 1417 descriptione
1689 1377 1798 1405 com-

307 1437 592 1477 memorantur
620 1448 719 1476 vasa
753 1433 899 1476 eadem
938 1449 1059 1477 cerea
1088 1434 1133 1476 in
1170 1434 1308 1476 verbis
1337 1431 1532 1491 κηρίνοις
1568 1433 1616 1476 δὲ
1655 1429 1802 1491 ἀγγεί-

310 1516 376 1550 οις
401 1502 587 1558 χρῶνται
618 1498 828 1557 καθάπερ
858 1498 900 1543 οἱ
934 1499 1109 1554 Κελτοί,
1140 1501 1185 1542 in
1213 1501 1365 1555 quibus
1397 1504 1567 1544 eatenus
1590 1499 1801 1544 Meinekio

307 1570 482 1624 aliisque
512 1569 827 1625 adstipulamur,
858 1573 905 1611 ut
935 1559 1130 1627 myplvo‘tg
1160 1569 1275 1612 nullo
1304 1570 1427 1612 modo
1447 1570 1561 1623 ferri
1576 1585 1691 1625 posse
1711 1582 1798 1613 cre-

307 1641 463 1700 damus.
523 1639 604 1682 Sed
634 1654 710 1682 nec
739 1640 945 1682 Kramero
977 1638 1127 1691 ξύλινα
1155 1641 1355 1684 suadente
1385 1641 1666 1684 Fridemanno
1697 1642 1797 1684 scri-

306 1711 488 1753 bendum
517 1725 604 1753 esse
645 1710 936 1761 concesserim,
977 1724 1054 1752 nec
1093 1711 1226 1766 magis
1262 1710 1447 1754 Meineki
1485 1707 1680 1767 χηλίνοις
1706 1711 1732 1753 i.
1765 1726 1798 1754 e.

305 1784 405 1821 vasis
434 1781 645 1821 viminibus
668 1781 814 1833 pleoez's‘,
847 1779 933 1820 iam
961 1778 1127 1832 pridem
1156 1782 1404 1833 occupatum
1434 1794 1460 1822 a
1481 1779 1650 1834 Toupio,
1680 1779 1800 1823 video

307 1860 388 1901 quo
427 1846 517 1889 iure
555 1845 751 1888 Straboni
788 1845 959 1888 obtrudi
999 1847 1196 1900 potuerit.
1268 1847 1423 1889 Mirum
1463 1848 1575 1890 enim
1602 1848 1801 1902 profecto,

306 1917 340 1958 si
369 1916 414 1958 in
442 1931 488 1959 re
521 1920 608 1958 tam
637 1916 824 1970 simplice
853 1930 929 1970 pro
965 1925 1025 1958 eo'
1055 1916 1166 1971 quod
1205 1916 1259 1958 ad
1289 1931 1436 1959 manus
1465 1920 1557 1960 erat
1596 1916 1795 1970 πλεκτός,

307 1986 507 2029 vocabulo
537 1986 641 2029 adeo
671 1987 859 2029 solitario
890 1990 932 2030 et
961 1987 1047 2030 fere
1079 1987 1297 2039 inusitato,
1336 2002 1413 2030 nec
1443 1988 1608 2044 cognito
1638 1988 1718 2030 nisi
1746 2003 1799 2032 ex

303 2057 518 2113 Polluce*)
548 2060 590 2098 et
612 2056 786 2099 fortasse
803 2056 1013 2112 Hesychio
1043 2071 1065 2099 e
1087 2055 1201 2107 λέξει
1233 2058 1454 2114 ποιητικῇ,
1486 2071 1636 2100 usurus
1654 2057 1801 2100 fuisset

303 2127 577 2183 geographus
634 2126 743 2169 Nam
772 2141 1025 2182 quamquam
1052 2140 1136 2168 non
1165 2127 1200 2168 is
1230 2139 1321 2168 sum
1346 2127 1418 2181 qui
1438 2127 1642 2170 eiusmodi
1669 2143 1796 2180 voces,

303 2199 368 2241 vel
408 2198 519 2254 quod
554 2212 638 2240 uno
677 2199 723 2240 in
761 2198 853 2241 loco
888 2198 954 2240 vel
993 2197 1104 2253 quod
1145 2198 1258 2251 apud
1301 2198 1620 2253 grammaticum
1664 2199 1796 2242 solum

303 2269 506 2324 legantur,
545 2267 706 2310 indicta
739 2268 859 2322 quasi
890 2282 1016 2310 causa
1054 2282 1107 2310 ex
1141 2271 1231 2309 toto
1270 2267 1521 2310 recusandas
1551 2268 1796 2320 existimem,

304 2338 396 2392 quis
426 2351 612 2392 unquam
643 2337 723 2379 sibi
753 2335 1005 2391 persuadeat
1033 2336 1253 2378 fortuitum
1282 2350 1390 2387 esse,
1434 2340 1481 2378 ut
1510 2337 1556 2379 in
1586 2341 1706 2380 tanta
1733 2339 1797 2382 rei

305 2405 548 2448 celebritate
576 2404 830 2448 adiectivum
866 2401 1047 2461 χήλινος
1074 2423 1134 2441 =
1171 2401 1358 2455 πλεκτός
1387 2404 1549 2446 nullum
1577 2405 1707 2448 alium
1734 2410 1793 2449 te-

304 2479 409 2517 stem
435 2478 510 2518 aut
537 2489 776 2529 sponsorem
806 2475 963 2518 habeat
990 2477 1159 2529 praeter
1181 2474 1487 2518 Anacreontem
1516 2476 1627 2530 apud
1656 2477 1792 2520 Pollu·

304 2549 422 2588 cem?
463 2546 521 2588 Ut
551 2546 585 2587 si
616 2546 709 2600 quis
729 2559 829 2587 vasa
846 2544 1072 2587 viminibus
1091 2544 1215 2598 plexa
1235 2548 1448 2598 exspectet
1471 2544 1688 2600 aliquanto
1710 2548 1797 2590 veri

303 2616 478 2659 similius
508 2616 562 2658 sit
584 2615 782 2659 Straboni
809 2616 985 2659 reddere
1016 2613 1222 2672 σπαρτί
1231 2631 1344 2666 νοις
1374 2612 1567 2672 ἀγγείοις
1591 2619 1796 2675 χρῶνται,

303 2699 478 2738 quorum
506 2685 760 2728 mentionem
785 2684 915 2728 habes
944 2684 1055 2738 apud
1082 2684 1292 2726 Pollucem
1324 2684 1380 2734 X,
1418 2688 1505 2728 191.
1537 2686 1642 2731 conl.
1674 2685 1790 2729 Will-

395 2843 427 2888 ἧς)
457 2846 630 2881 onomast.
651 2847 725 2890 Vll,
754 2847 817 2881 172
838 2843 1034 2893 χήλινον
1052 2841 1167 2893 ἄγγος
1183 2847 1267 2892 ἕχον
1289 2850 1483 2894 πυθμένας
1499 2845 1793 2895 (Ξγγειοσελίνων,

304 2901 391 2940 ὅταν
417 2906 499 2953 εἴπῃ
521 2903 735 2954 Ἀνακρέων,
762 2905 799 2941 τὸ
826 2908 864 2940 ἐκ
891 2908 1063 2952 σχοινίων
1087 2907 1234 2951 πλέγμα
1259 2906 1374 2950 δηλοῖ.
