1962 3314
829 166 887 175 .-
943 146 998 189 53
1058 166 1115 175 .-

206 249 271 300 ὥἸ
286 251 372 301 ho
395 266 444 302 re
470 253 721 310 explicatius
748 254 854 299 alibi
882 254 1270 300 commentabimur.
1320 254 1442 299 Nunc
1469 254 1712 311 exemplum

206 399 459 449 umescere
486 391 590 437 velit
627 392 921 437 medicaminis
948 395 1196 445 dilutum,
1229 408 1282 438 ne
1319 397 1517 450 aegrotus
1545 394 1710 439 scilicet

201 461 333 508 mh
353 473 483 516 quam
509 459 658 504 dicunt
683 461 879 517 apoplexi
902 461 1166 517 corripiatur,
1179 460 1293 505 haud
1313 462 1537 517 inportune
1558 463 1704 508 memi-

199 528 316 575 uuit
340 528 448 576 Plnt.
474 528 616 587 Symp.
646 530 732 582 111,
759 533 797 582 8,
825 534 853 575 2
883 545 922 586 p.
953 530 1067 576 6561
1095 530 1168 573 καὶ
1198 532 1285 573 τῶν
1316 526 1570 573 ὑπνωτικῶν
1597 527 1710 575 ἔνιοι

199 597 413 658 λαβόντες
429 599 646 660 ἐνδοτέρω
670 604 749 646 τοῦ
768 601 964 660 μετρίου,
989 601 1393 661 θωρυβωδέστερον
1414 598 1708 646 διατίθενται·

201 668 341 717 πλέον
379 670 430 715 δὲ
469 670 682 726 λαβόντε,-
722 668 892 719 ἔνισι,
932 670 1243 715 καθεύδουσιν.
1311 671 1431 724 Quod
1460 672 1506 715 in
1544 672 1611 715 his
1638 671 1702 716 di-

203 740 373 787 stinctis
389 742 548 787 litteris
576 743 812 798 inpressum
842 747 925 795 est,
957 742 1104 787 Reiski
1132 742 1419 787 admonitione
1445 743 1614 787 adiutus
1638 758 1700 788 se-

197 809 453 866 dndeudum
479 812 731 867 putaverim,
769 815 914 867 utpote
950 811 1153 855 orationis
1179 811 1539 867 coagmentandae
1575 826 1701 856 causa

197 878 255 925 ab
279 879 584 936 interpolatore
610 881 888 937 adscriptum,
917 882 1048 925 etiam
1076 881 1121 924 in
1149 881 1354 936 proximis
1382 882 1699 938 quaestionibus

195 949 279 996 nid
306 950 549 995 coniectura
587 950 699 994 fallit
727 950 873 994 multis
900 949 1035 994 modis
1063 953 1264 1006 grassato.
1334 948 1443 993 Nam
1474 951 1699 1005 quominus

193 1018 486 1078 dimi-aphia
522 1021 735 1065 invectum
777 1019 969 1070 credam,
1009 1019 1206 1075 inpedior
1247 1018 1406 1075 insigni
1443 1018 1557 1073 apud
1598 1019 1693 1062 Plu-

192 1090 388 1137 tarchum
423 1090 549 1134 huius
586 1090 679 1134 vitii
718 1090 907 1135 raritate.
976 1089 1037 1133 Ac
1076 1088 1243 1133 videtur
1280 1103 1381 1132 sane
1417 1088 1498 1132 hoc
1526 1088 1691 1133 addita·

193 1163 383 1205 mentum
410 1159 598 1204 eiusdem
627 1158 813 1203 fabricae
840 1173 948 1210 esse,
989 1158 1043 1202 ad
1080 1174 1208 1215 quarn
1239 1158 1418 1202 mirifica
1448 1159 1575 1203 lectio
1603 1159 1693 1203 eod.

192 1226 318 1273 vimi
353 1227 578 1274 referenda
612 1232 678 1272 est
710 1228 756 1271 in
790 1228 1035 1284 quaestione
1078 1243 1111 1272 c.
1151 1233 1188 1280 7,
1227 1232 1254 1272 2
1292 1242 1388 1285 pag.
1430 1232 1512 1274 656
1532 1243 1561 1273 a
1605 1233 1693 1274 τῶν

190 1293 237 1342 δ’
262 1295 428 1358 ἰατρῶν
463 1315 586 1350 τινας
617 1297 735 1355 λέγει
773 1297 875 1350 τοῖς
906 1298 1044 1342 πλέον
1077 1297 1264 1350 πιόντας
1301 1295 1495 1342 κελεύειν
1528 1298 1693 1355 [ἐμεῖν],

192 1359 289 1409 εἶτα
313 1362 422 1409 ὅταν
445 1365 642 1420 μέλλωσι
670 1362 921 1410 καθεύδειν.
953 1359 1090 1420 ι’ἱρτον
1113 1362 1177 1416 εἷς
1201 1365 1302 1415 μέλι
1332 1365 1689 1424 καταβάψαντας

190 1431 409 1491 ἐμφαγεῖν
436 1430 663 1482 ἔδοσαν,
697 1446 805 1488 quae
832 1447 916 1488 quo
936 1436 1061 1487 pacto
1081 1433 1195 1477 inter
1213 1446 1258 1477 se
1278 1432 1494 1477 conciliari
1527 1433 1691 1488 possint

189 1515 276 1545 non
303 1492 443 1555 rideo,
480 1502 687 1546 videbunt
722 1501 900 1545 fortasse
936 1502 1156 1546 acutiores.
1224 1501 1406 1546 Videtur
1434 1507 1595 1555 autem,
1636 1519 1689 1547 ne

187 1572 471 1629 mpulosius
498 1587 718 1630 quaeram,
758 1569 920 1615 ἔδοσαν
950 1572 1059 1615 nihil
1085 1571 1202 1615 aliud
1231 1572 1312 1615 nisi
1343 1572 1527 1615 nasutuli
1555 1573 1684 1616 inter-

185 1639 390 1697 polatoris
426 1640 752 1692 animadversio,
790 1639 864 1695 qui
892 1654 988 1682 cum
1016 1653 1094 1694 per
1122 1654 1308 1684 errorem
1346 1640 1546 1683 omissum
1578 1645 1689 1685 esset

187 1709 334 1767 ἐμεῖν,
375 1710 564 1756 Macrobi
605 1710 777 1755 demum
815 1723 894 1765 ope
931 1714 1243 1765 recuperatum,
1292 1710 1419 1754 verba
1461 1725 1546 1754 non
1579 1711 1686 1756 bene

186 1779 299 1825 coire
335 1780 557 1825 sentiebat.
615 1779 676 1823 Ut
715 1793 841 1823 causa
878 1778 1127 1823 adiectionis
1178 1779 1283 1824 haec
1318 1780 1447 1823 fuisse
1484 1780 1687 1834 videatur,

183 1849 297 1907 quod
334 1850 498 1895 scribae
539 1854 722 1895 mentem
757 1849 803 1893 in
838 1849 959 1893 libris
999 1850 1256 1896 medicorum
1294 1851 1568 1896 versatissimi
1609 1869 1681 1898 no-

181 1919 348 1966 tissima
380 1920 465 1965 ista
491 1920 712 1964 subierunt
742 1919 896 1964 δοῦναι
926 1923 1067 1971 πιεῖν,
1109 1924 1268 1978 φαγεῖν
1307 1922 1464 1966 similia
1489 1922 1685 1977 plurima,

182 2003 437 2047 quamquam
474 2005 527 2034 ne
563 1990 625 2034 ita
654 1988 826 2046 quidem
864 1988 974 2035 citra
1000 1990 1163 2035 altioris
1189 1992 1373 2037 vulneris
1409 1993 1684 2048 suspitionem

185 2059 397 2107 admotum
424 2075 515 2106 esse
545 2062 691 2107 fatcor.

295 2144 449 2190 Statim
477 2151 709 2203 sequuntur
738 2148 842 2192 haec
867 2145 987 2199 εἰκὸς
1018 2146 1068 2189 δέ
1092 2162 1179 2190 που
1199 2145 1274 2189 καὶ
1297 2142 1458 2204 ταύτην
1479 2146 1558 2205 τὴν
1579 2149 1683 2207 περὶ

178 2213 258 2260 τὸν
294 2210 598 2274 ἀκροθώρακα
638 2217 853 2276 ταραχὴν,
893 2213 1000 2259 ὅταν
1031 2211 1172 2273 ἀκμὴν
1210 2211 1349 2273 λάβῃ,
1376 2213 1684 2275 μαραίνεσθαι

181 2284 257 2330 καὶ
287 2283 402 2345 πρὸς
436 2286 568 2330 τοῦτο
608 2290 829 2345 συνεργεῖν
859 2285 934 2330 τὸν
965 2281 1106 2329 οἶνον·
1149 2284 1288 2337 πολὺς
1326 2285 1409 2345 γὰρ
1449 2283 1677 2339 εἰσελθών,

180 2352 233 2399 τὸ
261 2356 390 2412 σῶμα
429 2356 809 2410 συνεξέκαυσε
847 2356 921 2401 καί
951 2353 1237 2400 κατανάλωσε
1265 2356 1316 2398 τὰ
1346 2356 1565 2410 μανιῶδες
1602 2358 1680 2413 τῆς

181 2427 340 2485 ψυχῆς.
398 2426 600 2483 Disputat
633 2428 704 2473 hic
742 2427 993 2474 Plutarchus
1023 2428 1077 2473 de
1113 2427 1353 2485 prodigioso
1381 2427 1563 2484 quodam
1592 2427 1679 2472 vini

180 2494 349 2547 effectu,
377 2496 452 2552 qui
481 2497 617 2554 magis
645 2498 821 2543 fortasse
852 2499 1036 2554 cuipiam
1058 2497 1190 2541 videri
1218 2497 1376 2553 poterit
1403 2497 1678 2555 prodigiosus,

178 2576 307 2619 quam
327 2562 441 2619 quod
467 2563 627 2608 Plinius
655 2565 868 2610 crebriore
891 2565 977 2608 vini
1006 2568 1107 2619 potu
1127 2563 1263 2607 mulae
1281 2563 1388 2608 adeo
1411 2563 1678 2608 calcitratuni

179 2631 364 2676 inhiberi
393 2632 583 2677 tradidit.
621 2632 790 2679 Scilicet
820 2638 946 2691 prout
967 2634 1061 2690 plus
1086 2633 1273 2676 minusve
1294 2632 1467 2677 bibatur
1488 2633 1585 2684 vini,
1607 2647 1675 2677 va-

2 2739 9 2742 .
176 2701 371 2747 riabilem
386 2702 693 2760 quodammodo
703 2706 883 2751 existere
894 2707 977 2749 vim
991 2706 1079 2749 eius
1095 2708 1221 2760 atquc
1237 2703 1440 2755 effectum,
1454 2707 1503 2748 ut
1514 2704 1678 2749 modice

3 2763 54 2791 Ἢ
176 2775 345 2829 sumpto
370 2772 468 2817 vino
499 2768 645 2829 (οἶνος
674 2778 887 2829 τοσοῦτος
916 2772 1022 2827 ὅσος
1056 2771 1205 2826 ἱκανὸς
1235 2768 1289 2817 ἂν
1320 2773 1491 2832 γένοιτο
1533 2773 1677 2834 πρὸς

179 2834 362 2893 uittam
378 2837 470 2884 ίαν
498 2839 650 2885 Athen.
678 2841 717 2886 V
746 2856 786 2898 p.
824 2843 936 2888 1911·
940 2844 956 2899 )
986 2840 1275 2886 vehementius
1312 2839 1440 2886 etiam
1479 2841 1677 2886 commoti

178 2908 403 2956 videantur
442 2914 630 2965 potores,
668 2925 797 2969 quam
835 2912 910 2969 qui
951 2911 1113 2957 maiora
1155 2909 1210 2956 ad
1255 2909 1506 2957 ebrietatem
1548 2925 1679 2969 usquc

0 1378 11 1441 ξε

0 1476 38 1537 {35-

206 319 538 376 mQ
560 319 740 377 quando
770 325 970 377 soporata
995 334 1101 377 opus
1130 322 1213 366 erit
1241 321 1342 374 offa,
1372 322 1408 366 si
1434 322 1590 368 iustam
1615 323 1712 379 quis
1787 329 1790 333 '
