1962 3314
804 150 1087 194 ...25-

196 256 339 320 flia·
393 259 479 305 Sed
505 274 671 305 omnem
700 260 812 306 hanc
839 261 892 306 de
922 275 1245 318 synonymorum
1274 260 1387 317 apud
1416 260 1688 305 Plutarchum

194 330 490 379 mthfione
503 332 913 389 mnpositorumque
951 332 1173 376 verborum
1217 332 1516 377 adtenuatione
1560 344 1687 387 quae·

193 400 391 457 semem,
432 403 718 459 ampliandam
763 409 865 459 puto
910 408 953 448 et
995 404 1342 459 exspectandum,
1395 403 1529 447 donec
1569 400 1692 445 finita

192 470 438 532 &gestaque
480 480 622 527 erunt,
667 491 774 532 quae
814 477 859 519 in
899 477 1011 520 hunc
1054 490 1178 519 usum
1214 475 1362 519 confici
1405 479 1555 530 coepta
1591 475 1690 516 sunt

194 544 476 592 conlectanea.
545 547 642 604 Pag.
683 551 737 592 36
773 548 828 591 ad
867 548 1004 592 locum
1044 547 1269 592 Clementis
1305 547 1413 591 adde
1451 545 1690 591 Manuelem

193 614 487 675 maeologum
526 618 639 674 apud
682 618 867 663 Boisson.
906 620 1062 665 Anecd.
1092 619 1137 663 II
1165 634 1204 675 p.
1231 622 1337 664 284:
1384 617 1428 661 τί
1457 618 1539 675 γὰρ
1577 613 1688 660 ἄλλα)

182 681 389 743 ,ιθγάλα
417 683 541 731 εἴποι
572 703 639 739 τις
668 682 721 731 ἄν
755 683 784 746 ἢ
813 684 1069 748 ἀνθρώπιον
1101 683 1235 745 αἷμα,
1282 688 1350 731 cui
1376 687 1510 732 videri
1552 690 1691 743 potest

194 753 424 800 Oluneutis
451 756 567 800 locus
609 758 853 802 obversatus
882 773 993 809 esse,
1036 773 1086 802 ac
1128 758 1324 802 similiter
1362 757 1532 814 sanguis
1575 755 1688 811 apud

191 822 372 870 eundem
401 824 659 871 Clementem
688 827 810 871 Paed.
841 828 861 871 1
889 842 929 883 p.
963 832 1059 879 121,
1100 831 1154 872 25
1185 828 1228 873 P.
1259 827 1378 871 audit
1413 823 1521 884 ὑγρὰ
1552 823 1686 882 0695,-

149 923 153 925 Α
189 896 320 950 atque
339 893 459 938 affini
478 896 727 951 metaphora
743 898 880 940 utitur
900 898 1028 941 etiam
1044 897 1125 941 Dio
1147 897 1290 953 Chrys.
1310 912 1368 941 or.
1389 897 1549 941 XXXV
1566 910 1605 951 p.
1622 900 1688 948 45,

195 965 245 1012 12
261 963 313 1008 D.
332 964 577 1022 (ποταμοὶ)
601 966 779 1025 ῥέουσιν
799 965 985 1024 ἐγγύθεν
1006 966 1055 1011 ἐκ
1075 966 1241 1025 λόφων,
1272 965 1425 1027 ὥσπερ
1445 966 1492 1011 ἐκ
1512 969 1692 1023 μαστῶν

188 1035 267 1093 τῆς
294 1036 386 1094 γῆς.
443 1036 541 1093 Pag.
571 1040 636 1082 37.
667 1037 809 1082 Adde:
841 1038 952 1094 quod
975 1038 1166 1082 Clemens
1195 1038 1404 1082 mamillas
1433 1038 1690 1093 nuncupavit

191 1099 414 1163 ὀρθούς
442 1105 469 1149 i.
497 1121 533 1152 e.
562 1107 835 1159 sororiantes,
874 1108 919 1151 id
948 1109 1107 1163 optimo
1142 1109 1234 1152 iure
1262 1109 1384 1161 fecit3
1413 1109 1485 1152 cfr.
1516 1109 1687 1164 Proeop.

187 1174 382 1220 hist-are.
394 1190 435 1232 p.
447 1181 512 1229 67,
537 1182 588 1222 16
613 1178 843 1236 παρθένοι·
860 1180 959 1222 τινὰ
975 1178 1049 1223 καὶ
1075 1178 1125 1223 τὸ
1152 1178 1206 1238 δὴ
1223 1177 1458 1237 λεγόμενον
1473 1176 1688 1238 ὄρθοτίτ-

190 1246 309 1298 sm,
340 1245 614 1290 inlustratum
642 1248 772 1290 etiam
800 1248 855 1291 ab
880 1248 986 1292 aliis.
1045 1248 1106 1292 Ac
1135 1248 1315 1292 similem
1344 1249 1687 1304 prosopopoeiam

190 1320 318 1360 ausus
344 1321 411 1361 est
435 1317 774 1374 Theophylactus
805 1320 901 1363 hist.
923 1320 973 1371 V,
996 1325 1021 1365 4
1043 1334 1082 1375 p.
1104 1324 1205 1371 212,
1235 1323 1261 1364 2
1293 1315 1372 1363 οὐκ
1402 1314 1496 1363 οἶδε
1525 1318 1580 1363 τὰ
1608 1335 1687 1374 με-

195 1383 399 1445 τάφρενα
416 1386 538 1445 νίκην
557 1386 836 1432 θεάσασθαι.
895 1390 939 1435 Ρ.
960 1392 1014 1435 38
1039 1388 1132 1445 ἅμα
1155 1387 1303 1440 κοινός
1323 1390 1541 1434 coniunxit
1560 1390 1688 1434 etiam

190 1455 440 1501 Plutarchus
466 1457 610 1503 Them.
652 1461 702 1504 13
742 1457 784 1502 oi
818 1459 981 1504 πολλοὶ
1017 1458 1092 1503 τὸν
1123 1459 1232 1504 θεὸν
1263 1455 1357 1515 ἅμα
1394 1461 1523 1519 κοινῇ
1561 1476 1688 1504 κατε-

188 1526 402 1572 καλοῦντο
438 1530 583 1587 φωνῇ,
614 1530 768 1585 quibus
797 1545 987 1587 conpono
1014 1531 1053 1575 S.
1078 1532 1223 1588 Chrys,
1244 1547 1282 1587 p.
1308 1532 1374 1583 90,
1404 1535 1458 1577 23
1490 1529 1572 1583 μία
1596 1530 1686 1576 λεί-

190 1609 324 1640 πεται
365 1596 597 1656 πρόφασις
638 1595 779 1643 αὐτοῦ
817 1597 956 1658 μόνης
1004 1601 1076 1644 sed
1120 1601 1246 1646 credo
1289 1601 1427 1645 adhuc
1464 1601 1690 1646 Clementis

190 1663 326 1708 locum
354 1665 401 1708 iu
431 1665 638 1721 Protrept.
670 1667 731 1718 11,
769 1672 794 1712 4
824 1682 862 1723 p.
890 1673 987 1718 194,
1016 1673 1070 1714 36
1107 1685 1161 1713 ex
1189 1670 1407 1714 Plutarchi
1437 1670 1568 1725 copiis
1597 1685 1684 1714 cor-

188 1733 411 1791 rigendum
447 1749 547 1779 esse.
620 1736 718 1793 Pag.
755 1740 809 1782 39
850 1738 1004 1781 nimius
1043 1738 1123 1786 fui,
1163 1743 1211 1782 ut
1241 1740 1314 1795 qui
1345 1738 1599 1782 Clementem
1637 1755 1687 1783 ex

188 1801 415 1848 Plutarcho
435 1804 714 1861 desumpsisse
735 1807 952 1851 crederem
972 1806 1095 1866 «itaq
1109 1826 1130 1851 ν
1159 1804 1223 1851 cl).
1236 1825 1362 1867 εκτρ
1377 1807 1434 1851 mi
1449 1824 1557 1861 νος,
1591 1824 1688 1853 nam

187 1875 464 1930 proverbialis
503 1877 608 1922 haec
651 1879 788 1921 instar
827 1878 1050 1922 locutionis
1090 1884 1358 1936 promuntur,
1406 1880 1534 1924 veluti
1577 1881 1688 1936 apud

189 1943 341 1988 Athen.
360 1943 427 1988 111
453 1958 493 2000 p.
519 1948 597 1989 127
612 1962 639 1989 a
667 1949 711 1989 et
741 1946 898 2001 passim
927 1961 1019 1989 cum
1043 1947 1154 2001 apud
1177 1946 1449 1990 Plutarchum
1470 1946 1559 2002 (cfr.
1583 1947 1687 1992 Mor.

190 2028 229 2070 p.
246 2018 329 2059 794
345 2030 369 2058 c
389 2012 516 2073 δίκην
535 2011 828 2073 ἀλεκτρυόνος
849 2012 1089 2075 ἀντᾴδειν),
1111 2022 1201 2060 tum
1221 2016 1333 2071 apud
1362 2016 1485 2068 alios,
1511 2032 1687 2073 quorum

190 2095 296 2139 quos
323 2081 623 2127 adnotaveram
653 2083 764 2126 locos
793 2083 902 2141 satis·
925 2083 1097 2134 multos,
1134 2098 1243 2126 nunc
1281 2083 1489 2126 incassum
1519 2099 1687 2139 quaero,

190 2148 287 2206 Pag.
319 2153 374 2194 46
404 2149 457 2193 ad
499 2150 636 2193 locum
666 2150 827 2194 Consol.
857 2150 911 2194 ad
957 2151 1090 2206 Apoll.
1132 2165 1170 2205 p.
1209 2155 1286 2195 ¹07
1308 2151 1328 2192 s
1363 2151 1468 2194 conf.
1500 2151 1689 2195 Zonarae

192 2219 340 2264 Annal.
359 2219 442 2271 111,
475 2223 527 2266 13
546 2234 585 2276 p.
608 2224 708 2272 252,
736 2224 763 2266 6
795 2222 838 2264 in
861 2221 1066 2264 eiusmodi
1087 2218 1499 2266 locutionibus'ultra
1521 2221 1689 2266 modum

190 2290 460 2342 luxuriantis,
490 2290 543 2335 de
570 2291 798 2336 Holoferne
818 2292 915 2334 vino
937 2291 1173 2346 consopito:
1204 2289 1430 2333 καιέκειῑο
1457 2289 1531 2334 καὶ
1553 2287 1690 2334 ὕπνον

193 2355 394 2403 θανάτου
422 2356 646 2403 {immun
676 2356 888 2417 ἀδελφόν.
959 2358 1056 2416 Pag.
1089 2362 1142 2402 47
1173 2357 1388 2413 perdicem
1413 2357 1593 2401 cicurem
1624 2357 1685 2400 di-

191 2428 343 2473 stincte
385 2428 727 2472 commemoravit
765 2428 959 2472 Parthen.
1006 2432 1053 2472 14
1093 2441 1133 2483 p.
1176 2430 1276 2476 317,
1322 2430 1370 2471 19
1399 2426 1453 2469 Μ.
1498 2426 1688 2483 πέρδικα

192 2498 381 2543 τιθασὸν
411 2496 475 2551 εἷς
503 2498 629 2554 βαθὺ
658 2499 805 2558 φρέαρ
837 2495 1184 2556 καιασοβὴσασα
1201 2531 1210 2548 ,
1252 2497 1442 2552 quamvis
1485 2495 1684 2552 quodam·

194 2566 318 2611 modo
355 2571 503 2611 contra
542 2567 683 2612 dicere
724 2566 917 2611 videatur
958 2565 1247 2610 Artemidorus
1283 2564 1503 2607 Onirocrit.
1534 2563 1594 2615 11,
1635 2569 1688 2609 46

191 2636 446 2697 (πέρδικες)
477 2634 822 2681 δυστιθάσευτοί
860 2635 945 2681 εἰσι
986 2634 1061 2679 καὶ
1101 2632 1299 2679 ποικίλοι
1330 2632 1405 2678 καὶ
1432 2632 1563 2689 μόνοι
1603 2635 1688 2677 us»

193 2702 390 2766 ὀρνίθων
410 2708 527 2750 θεῶν
547 2706 683 2762 σέβας
701 2702 780 2751 οὐκ
800 2704 962 2761 ἔχουσι.
1015 2705 1110 2761 Pag.
1137 2708 1190 2748 53
1210 2702 1338 2747 adde:
1369 2701 1535 2747 Aeliani
1557 2702 1691 2759 κρέας

193 2771 366 2835 ἄσημον
396 2775 449 2819 de
486 2775 781 2831 phantasmate
820 2775 959 2820 dicere
993 2775 1074 2819 sibi
1114 2773 1306 2829 permisit
1332 2772 1501 2828 Procop.
1533 2772 1574 2818 h.
1604 2787 1687 2816 arc.

194 2862 235 2905 p.
255 2850 322 2900 81,
341 2852 387 2901 3;
414 2847 467 2891 de
489 2851 615 2903 partu
638 2852 918 2898 monstruoso,
948 2846 1059 2891 haud
1081 2861 1198 2890 secus
1220 2851 1346 2902 atque
1362 2844 1561 2889 Aelianus
1584 2838 1690 2887 ἀιό-

157 2942 161 2949 ‚
196 2933 363 2971 πωτος,
395 2916 733 2974 Theophylactus
755 2917 850 2961 hist.
873 2916 949 2967 VI,
980 2921 993 2961 ι
1020 2930 1060 2972 p.
1073 2918 1166 2967 241,
1187 2917 1242 2959 22
1264 2913 1481 2970 usurpavit
1503 2908 1687 2956 ἀδιατύ-
