1962 3314
904 178 1185 218 ,22-

290 300 355 340 est
373 295 603 351 ὁιάιιιτρος
630 306 724 334 eum
751 288 998 349 διάχρυσος
1031 290 1179 333 dubito
1208 305 1264 335 an
1283 305 1368 334 non
1386 291 1473 334 alia
1496 293 1694 346 suppetat
1721 289 1778 334 ad

288 364 552 421 probandum
579 362 663 412 via,
704 374 830 416 quam
858 363 906 402 ut
940 359 1212 414 intellegatur
1250 359 1302 402 de
1332 359 1495 402 mitella
1529 357 1778 401 versicolore

288 433 353 475 vel
382 433 508 475 etiam
538 443 639 472 auro
669 428 887 479 distincta,
926 442 1010 482 qua
1037 428 1178 470 causia
1207 427 1405 470 redimita
1433 428 1562 470 fuerit
1588 427 1636 469 in
1665 415 1777 469 hunc

287 501 466 551 modum,
493 504 540 542 ut
559 512 794 553 purpureus
823 498 948 539 huius
971 497 1085 539 color
1110 511 1187 550 per
1205 497 1426 540 intervalla
1452 498 1698 552 perluceret.
1727 496 1778 540 Id

287 575 399 614 certe
435 568 567 612 multo
603 568 709 611 mihi
747 567 979 622 simplicius
1016 566 1186 621 verique
1226 567 1402 609 similius
1430 566 1613 617 videtur,
1641 580 1778 629 ’quam

286 641 398 696 quod
428 639 590 682 Sinteni
619 638 796 693 aliisque
825 636 1030 692 placuisse
1061 636 1265 690 suspicari
1295 637 1413 701 licet,
1452 636 1642 681 Demetri
1679 650 1774 680 cau-

286 712 391 754 siam
430 710 595 764 duplice
634 707 797 751 mitella
837 704 1087 764 (δίμιτρος)
1120 711 1362 750 coronatam
1405 707 1549 760 fuisse,
1590 706 1775 763 quando-

285 782 454 839 quidem
492 781 642 824 Athen.
672 779 758 822 XII
797 793 835 833 p.
878 781 998 822 536a
1035 778 1088 820 de
1127 777 1275 822 eadem
1311 778 1502 824 Demetri
1543 777 1685 821 causia
1713 776 1774 819 di-

286 854 435 896 stinete
455 851 605 894 *tradit
646 847 781 908 μίτρα
823 844 1135 907 χρυσόπαστος
1174 842 1245 906 ἦν,
1290 842 1318 906 ἢ
1357 847 1544 892 καυσίαν
1583 845 1778 906 ἁλουργῆ

287 915 422 964 οὖσαν
452 917 657 977 ἔσφιγγεν
687 916 764 960 ἐπὶ
798 915 848 959 τὸ
881 917 1019 959 νῶτον
1050 916 1250 974 φέρουσα
1292 916 1346 969 τὰ
1377 917 1608 961 τελευταῖα
1639 931 1774 960 κατα-

284 989 489 1047 βλήματα
511 990 596 1032 τῶν
614 983 934 1045 ὗφασμάτων*)
991 986 1186 1030 Ceterum
1206 988 1252 1030 in
1272 987 1421 1031 eadem
1441 988 1646 1032 varietate
1669 991 1776 1039 sunt,

284 1059 490 1115 siquidem
525 1056 676 1101 mendo
715 1060 873 1107 carent,
914 1052 1107 1113 ὄίφαρος
1137 1060 1181 1100 et
1209 1054 1434 1116 ὁιάφαρος
1465 1059 1518 1102 ab
1550 1058 1687 1114 Etym.
1717 1058 1773 1101 M.

283 1131 440 1178 notata,
469 1127 520 1169 de
550 1126 700 1180 quibus
731 1124 931 1167 adcurate
961 1125 1153 1178 exposuit
1183 1124 1432 1169 Schaeferus
1461 1127 1517 1170 ad
1547 1127 1669 1182 Greg.
1699 1126 1772 1170 Oo-

281 1197 408 1239 rinth.
435 1210 475 1249 p.
505 1198 597 1238 513.

397 1264 477 1307 Sed
498 1265 601 1307 haee
622 1263 800 1306 strictim
826 1264 1076 1319 transgressi
1105 1278 1258 1308 sumus.
1315 1264 1442 1316 Quod·
1465 1279 1591 1320 supra
1618 1266 1776 1309 dictum

282 1344 345 1380 est
384 1336 434 1379 de
485 1333 765 1377 clausularum
809 1333 1126 1387 depravatione,
1169 1335 1432 1378 commodum
1471 1350 1543 1379 me
1579 1336 1779 1380 admonet

280 1405 376 1454 loci,
418 1418 542 1459 quem
581 1402 762 1445 tractavi
799 1402 843 1444 in
873 1402 1039 1454 Quaest.
1069 1402 1175 1445 Plut.
1205 1402 1270 1445 III
1300 1418 1342 1457 p.
1373 1407 1426 1448 62
1466 1420 1517 1448 ex
1548 1405 1693 1449 libello
1721 1405 1775 1450 de

281 1488 421 1516 amore
447 1472 576 1527 prolis
602 1486 640 1525 p.
665 1475 747 1515 497
759 1471 798 1523 b,
830 1472 903 1514 ubi
933 1486 1027 1514 cum
1054 1472 1245 1528 volgetur
1273 1471 1323 1515 τὸ
1356 1473 1405 1517 δὲ
1431 1469 1520 1517 ὑπὸ
1540 1475 1618 1517 τοῦ
1640 1470 1774 1532 Εὐρι-

284 1542 416 1586 πίδου
449 1543 619 1596 (Phoen.
641 1545 722 1585 439
742 1541 849 1597 sqq.)
881 1540 1129 1598 λεγόμενον,
1163 1540 1218 1585 τὰ
1243 1539 1427 1601 χρήματ’
1461 1539 1772 1602 ἀνθρώποισιν

283 1610 497 1670 εὑρίσκειν
538 1610 697 1667 φίλους
737 1609 922 1665 δύναμίν
961 1628 1008 1654 τε
1051 1610 1263 1669 πλείστην
1297 1614 1384 1655 τῶν
1424 1612 1469 1656 ἐν
1508 1609 1774 1670 ἀνθρώποις

280 1676 403 1732 Zigana,
439 1674 515 1731 οὐχ
546 1675 700 1728 ἁπλῶς
731 1673 912 1734 ἀληθές,
946 1673 1042 1720 ἀλλ’
1073 1677 1149 1721 ἐπὶ
1180 1681 1266 1722 τῶν
1295 1675 1505 1723 ἀτέκνων·
1536 1680 1774 1735 τούτους

281 1743 331 1788 οἱ
362 1742 637 1787 πλούσιοι
666 1740 1082 1796 δειπνίζουσιν,
1117 1742 1159 1786 οἳ
1188 1741 1397 1802 ἡγεμόνες
1427 1744 1772 1805 θεραπεύουσιν,

282 1812 323 1856 οἳ
355 1810 536 1871 ῥήτορες
562 1810 717 1866 μόνοις
746 1808 922 1862 τούτοις
951 1814 1117 1869 προῖκα
1143 1814 1468 1870 συνηγοροῦσιν,
1499 1819 1772 1869 praepostere

278 1885 383 1926 mihi
426 1883 585 1925 dictum
628 1882 761 1925 videri
803 1880 1055 1937 significavi,
1110 1881 1223 1937 quod
1272 1882 1424 1926 divites
1470 1884 1774 1937 perhibeantur

280 1954 458 1995 invitare
490 1952 679 1995 homines
707 1952 810 1994 item
841 1951 1060 2005 opulentos
1090 1950 1164 1995 sed
1194 1951 1318 1994 orbos
1347 1953 1627 2009 caelibesque,
1669 1970 1768 2011 quo—

279 2038 371 2065 rum
400 2022 576 2065 heredes
609 2021 701 2064 fieri
739 2021 922 2075 cupiant.
992 2020 1074 2064 Sed
1110 2021 1386 2075 desperabam
1423 2025 1513 2065 tum
1542 2022 1595 2067 de
1631 2039 1768 2068 emen-

278 2092 466 2142 datione3
516 2089 640 2134 hodie
678 2105 810 2144 paene
857 2105 933 2145 pro
971 2095 1085 2134 certo
1124 2091 1421 2135 affirmaverim
1466 2094 1776 2138 HAOYCIOI

374 2229 408 2265 *i
436 2229 501 2264 Csr.
521 2229 559 2263 H.
580 2228 713 2270 Weiss,
739 2227 1009 2262 Kostfimkunde
1035 2228 1066 2271 l,
1095 2230 1176 2263 269:
1203 2215 1266 2263 Die
1284 2230 1418 2263 Kidaiis
1436 2231 1601 2266 bestand.
1623 2232 1673 2265 als
1691 2242 1771 2266 ains-

278 2289 492 2322 zeiehnende
518 2288 642 2321 Tracht
673 2287 735 2320 des
763 2286 886 2320 Darius
912 2288 945 2320 in
979 2287 1074 2319 einer
1098 2288 1156 2320 Art
1181 2288 1374 2331 gesteister,
1407 2287 1642 2332 kegelsormig
1666 2300 1771 2333 zuge—

278 2350 418 2391 spilzter
443 2348 557 2382 Mfiize
581 2348 652 2381 und
679 2348 773 2380 einer
790 2347 910 2380 darum
937 2348 1182 2390 gewundenen
1210 2347 1342 2390 Binda,
1370 2348 1426 2381 dic
1448 2347 1557 2382 durch
1577 2349 1630 2382 ein
1650 2350 1769 2393 spiral-

275 2408 443 2449 ffirmiges
463 2392 802 2440 Zusarnmendrehen
829 2406 924 2439 eines
944 2407 1096 2439 weissen
1119 2406 1189 2438 und
1207 2406 1303 2439 eines
1319 2416 1514 2449 purpurnen
1541 2407 1626 2440 oder
1642 2408 1768 2442 blauen

277 2465 413 2497 Bandes
439 2465 592 2506 gebildet
617 2464 725 2498 ward.
782 2463 846 2497 Die
873 2463 1081 2497 Grundrorm
1106 2464 1221 2497 dieser
1252 2463 1477 2507 konigliehen
1505 2465 1648 2500 Zierdcn
1674 2467 1768 2502 blieb

275 2521 375 2563 lange
406 2521 477 2555 zeii
501 2521 673 2555 hindureh
693 2521 785 2555 ohne
802 2520 944 2554 Zweisel
967 2522 1023 2554 die
1047 2522 1143 2554 eines
1169 2521 1230 2554 mit
1248 2521 1399 2564 goldnen
1414 2522 1535 2557 Reiseu
1554 2525 1625 2558 und
1644 2525 1769 2559 Binde-

276 2581 430 2615 bandern
459 2583 747 2623 ausgestatteten,
781 2580 903 2613 steisen
937 2579 1045 2613 Hutes
1070 2590 1139 2613 von
1171 2579 1419 2613 verschiedner
1443 2581 1558 2616 Hohe.
1617 2581 1676 2616 Sie
1701 2594 1774 2617 war

276 2649 313 2671 es
341 2638 449 2672 selbst
476 2639 565 2672 noch
595 2639 765 2673 wahrend
802 2639 865 2673 der
891 2638 1327 2682 persisch-griechischen
1353 2639 1506 2683 Epoche.
1562 2642 1663 2676 Auch
1689 2643 1771 2677 De-

275 2698 460 2730 metrios
494 2697 786 2732 Poliorketes
818 2702 897 2741 trug
933 2699 1034 2731 einen
1070 2699 1262 2742 derartigen
1302 2699 1370 2734 Hut
1404 2702 1464 2735 mit
1497 2702 1771 2745 goldgestiekter

274 2753 403 2795 Binde,
437 2754 540 2787 deren
572 2753 693 2788 Enden
721 2755 822 2798 langs
849 2755 929 2788 dem
956 2754 1097 2788 Naeken
1126 2754 1375 2799 herabhingen,
1419 2757 1630 2801 similesque
1657 2759 1768 2793 ruisse

276 2821 394 2853 regum
414 2813 631 2857 Assyriorum
649 2803 992 2860 Babyloniorumque
1016 2815 1153 2848 nausias
1173 2817 1370 2858 nuperrime
1394 2817 1511 2851 edocti
1539 2828 1680 2860 sumus;
1706 2819 1766 2853 cfr.

273 2867 375 2903 Aust.
402 2870 516 2916 Henry
541 2871 686 2917 Layard,
713 2873 866 2907 Nineveh
893 2885 927 2908 u.
955 2873 1109 2919 Babylon
1136 2874 1228 2917 Lips.
1256 2875 1338 2910 Tab.
1365 2875 1425 2909 vn
1447 2879 1485 2909 Α.
1513 2877 1556 2910 lx
1574 2877 1613 2912 D.
1641 2877 1685 2911 XI
1712 2879 1766 2919 Α.,

284 2926 394 2961 Weiss
418 2927 440 2962 l.
466 2928 486 2963 l.
514 2939 546 2972 p.
574 2930 650 2963 201.
