1962 3314
891 155 1173 198 -1g...

285 263 575 321 redintegrare
605 264 846 308 conabatur.
894 265 1169 325 Memorabile
1198 266 1322 310 huius
1336 268 1626 325 neglegentiae
1647 282 1787 313 exem·

286 335 420 389 plum,
457 335 567 378 unde
607 335 752 377 statim
779 333 933 387 discas,
973 349 1098 390 quam
1128 334 1307 379 ridicula
1334 337 1390 380 sit
1416 337 1541 381 anilis
1574 338 1657 381 ista
1686 337 1789 381 scri-

286 406 435 449 barum
462 405 722 460 superstitio,
753 405 799 447 in
824 409 1022 460 promptu
1049 408 1115 447 est
1143 406 1189 447 in
1217 404 1315 448 Cod.
1344 406 1474 458 Flor.,
1503 407 1622 450 cuius
1650 406 1790 451 scriba

287 476 319 528 Ι,
353 481 402 520 10
432 473 724 534 πρωτονίμων
746 476 887 530 posuit
915 489 992 529 pro
1023 472 1329 533 πρωτοκύμων
1355 479 1399 519 et
1426 476 1479 528 II,
1509 481 1556 520 17
1573 489 1651 531 pro
1672 474 1786 518 κατὰ

290 547 523 603 σαραπτην
547 548 782 588 monstrum
807 545 975 599 peperit
1004 541 1230 602 ἷοὸραπτα
1270 544 1436 601 (Iacobs
1454 546 1483 588 l.
1503 545 1531 589 l.
1549 560 1589 600 p.
1614 545 1690 598 LI,
1709 546 1793 603 60).

401 613 461 656 Ut
489 617 630 657 autem
660 614 705 656 in
747 613 962 656 codicibus
993 611 1041 654 ἐκ
1070 616 1113 654 et
1144 609 1207 663 εἷς
1236 612 1565 657 describentium
1602 613 1795 658 socordia

288 689 444 728 temere
486 685 611 728 mista
650 689 765 736 sunt,
805 684 912 728 adeo
948 687 996 726 ut
1034 683 1285 738 aliquotiens
1325 683 1371 725 ἐκ
1408 685 1521 728 inter
1559 684 1792 728 scribarum

288 766 436 795 manus
476 767 570 794 cum
599 755 750 807 quarto
781 765 879 795 casu
906 750 1024 806 iungi
1064 749 1224 801 videaS‚
1254 749 1605 805 quemadmodum
1632 750 1790 794 factum

290 826 355 866 est
378 824 423 865 in
452 822 540 867 cod.
571 822 701 865 Palat.
724 824 823 873 283,
852 822 926 865 ubi
953 822 997 863 in
1027 820 1171 864 libello
1201 820 1253 864 de
1284 817 1444 864 occulte
1474 821 1552 864 viv.
1574 826 1600 865 4
1621 834 1700 876 pro
1727 819 1791 872 εἰς

291 889 645 950 τεσσαρακοστὸν
675 886 775 941 ἔτος
797 893 1014 932 exaratum
1042 888 1158 932 vides
1178 887 1226 931 ἐκ
1249 887 1605 948 τεσσαρακοστὸν
1633 885 1792 945 ἔτοςῆ,

289 961 351 1003 ita
385 974 555 1015 prorsus
585 959 762 1014 perinde
800 962 865 1005 est
905 959 950 1000 in
990 957 1188 1000 clausulis
1216 957 1513 1000 vocabulorum
1552 959 1695 1000 utrum
1732 955 1794 1000 ἲῦῖι

292 1047 346 1075 an
378 1031 438 1081 (ιι-ς
468 1046 520 1074 ex
547 1031 669 1073 libris
698 1029 954 1084 proferatur,
997 1043 1104 1084 quae
1133 1043 1218 1071 uno
1249 1043 1383 1083 paene
1426 1028 1656 1084 eodemque
1694 1041 1790 1071 con-

291 1100 445 1155 pendio
484 1101 612 1144 scribi
650 1115 774 1143 nemo
814 1101 996 1155 ignorat,
1036 1100 1108 1154 qui
1144 1099 1350 1142 librorum
1388 1099 1630 1142 testimonia
1662 1098 1794 1141 oculis

293 1168 421 1211 semel
446 1169 721 1223 usurpaverit.
785 1168 937 1223 Ingens
963 1167 1061 1210 inde
1090 1167 1135 1209 in
1165 1171 1354 1211 veterum
1383 1168 1551 1223 scriptis
1572 1167 1794 1223 pullulavit

292 1252 480 1280 errorum
502 1237 676 1288 soboles,
700 1241 742 1279 et
762 1238 834 1292 qui
857 1237 1111 1291 conpererit,
1134 1252 1260 1292 quam
1281 1237 1461 1281 mirifica
1477 1238 1523 1281 in
1541 1238 1622 1281 hoc
1640 1252 1791 1294 genere

292 1309 347 1350 sit
378 1312 420 1351 et
454 1309 651 1351 vitiorum
690 1308 928 1351 constantia
959 1311 1001 1350 et
1029 1308 1312 1351 remediorum
1340 1308 1639 1368 aequabilitas,
1679 1307 1795 1351 facili

292 1381 460 1436 negotio
493 1379 697 1436 quidquid
727 1395 902 1436 aegrum
931 1382 1013 1431 est,
1046 1379 1158 1423 inter
1186 1379 1410 1435 legendum
1439 1379 1527 1423 fere
1557 1379 1736 1423 sanabit.

407 1449 549 1491 Unum
595 1449 775 1492 adiciam
828 1441 1066 1503 enemplum
1113 1464 1134 1492 e
1179 1450 1267 1492 vita
1312 1450 1523 1501 Demetri,
1574 1449 1649 1493 ubi
1699 1463 1793 1493 cum

295 1531 384 1571 cap.
412 1521 437 1560 5
466 1531 617 1571 parum
646 1520 744 1570 apte
780 1519 829 1558 ut
863 1516 1013 1570 opinor
1041 1516 1282 1559 Demetrius
1316 1516 1479 1558 iuvenis
1509 1518 1685 1570 πρῶτον
1712 1511 1792 1577 αὖ-

294 1586 483 1638 τοτελῶς
514 1585 590 1630 ἐπὶ
621 1582 853 1645 πράγμασι
882 1583 1092 1642 μεγάλοις
1124 1581 1376 1641 ἁπτόμενος
1416 1589 1513 1643 post
1549 1585 1711 1629 cladem
1750 1585 1796 1627 in

295 1668 437 1710 pugna
475 1653 652 1697 Gazensi
694 1656 910 1707 acceptam
955 1653 1120 1696 dicatur
1159 1653 1233 1696 καὶ
1275 1650 1429 1705 πάθος
1469 1648 1521 1697 οὗ
1555 1650 1792 1711 μειρακίου

299 1723 460 1767 παθών
489 1724 532 1766 ἐν
562 1721 672 1783 ἀρχῇ-
703 1724 963 1782 πράξεως
993 1720 1344 1782 ἀνατραπέντος,
1378 1724 1424 1766 111
1454 1724 1638 1768 editione
1660 1723 1795 1767 Dido-

295 1797 412 1838 tiana
440 1811 462 1839 e
491 1810 586 1838 mea
615 1795 867 1844 coniectura,
896 1794 963 1836 cui
989 1808 1111 1837 nemo
1133 1794 1449 1849 obtemperavit,
1478 1794 1628 1849 scripsi
1659 1811 1727 1852 πρ
1741 1791 1793 1836 ά-

298 1865 322 1916 ξ
329 1881 350 1907 ε
362 1881 449 1916 ων,
492 1864 619 1920 idque
656 1878 767 1907 nunc
802 1866 1027 1919 postquam
1066 1864 1339 1918 permittente
1370 1864 1608 1916 Friderico,
1643 1878 1797 1920 magno

296 1935 400 1977 duce
429 1934 661 1986 Badarum,
690 1935 889 1977 iteratam
927 1934 1082 1977 codicis
1112 1934 1295 1977 Palatini
1326 1936 1407 1978 283
1439 1934 1492 1977 ob
1521 1949 1584 1977 res
1612 1934 1795 1989 quasdam

296 2008 480 2046 wm'm'mas
507 2018 657 2058 parum
687 2004 784 2046 olim
815 2007 992 2055 curatas,
1023 2004 1188 2046 institui
1217 2004 1507 2056 conlationem,
1535 2003 1668 2060 frugis
1696 2018 1796 2047 sane

297 2089 381 2117 non
410 2088 580 2128 prorsus
608 2077 845 2128 expertem,
882 2074 1123 2128 planissime
1163 2073 1455 2117 confirmatum
1485 2074 1678 2130 cognovi.
1735 2074 1796 2116 Ac

296 2145 461 2187 videtur
489 2159 588 2188 sane
617 2145 696 2187 iste
726 2144 876 2196 codex,
920 2159 1045 2200 quem
1084 2145 1129 2186 in
1160 2145 1327 2199 scriptis
1357 2145 1604 2197 moralibus,
1643 2145 1722 2188 etsi
1750 2145 1796 2187 in

298 2217 505 2259 communi
541 2219 655 2259 secta
696 2215 1002 2271 quodammodo
1042 2212 1231 2267 excellit,
1281 2215 1336 2258 ad
1378 2216 1570 2271 peiorum
1607 2215 1797 2259 intellexi

298 2281 549 2324 descendere
585 2281 859 2336 pravitatem,
910 2284 958 2323 ut
994 2281 1039 2323 in
1080 2281 1160 2324 hac
1199 2284 1312 2324 certe
1352 2285 1474 2335 parte
1524 2281 1685 2324 relicua
1721 2295 1798 2323 sua

296 2352 417 2394 laude
448 2352 572 2406 plane
602 2351 799 2407 indignus
829 2351 990 2394 censeri
1021 2351 1193 2402 debeat,
1231 2351 1276 2393 in
1313 2351 1396 2394 vita
1429 2351 1620 2395 Demetri
1657 2351 1796 2395 nescio

298 2434 380 2474 quo
406 2434 504 2462 casu
534 2434 619 2462 non
650 2434 699 2462 ea
729 2433 814 2475 qua
838 2433 916 2473 par
953 2421 1045 2461 erat
1073 2418 1264 2461 conlatus
1293 2432 1383 2461 esse
1411 2418 1625 2474 religione.
1690 2417 1799 2461 Nam

298 2502 551 2542 quamquam
582 2487 727 2538 etiam,
758 2490 807 2528 ut
835 2485 1022 2540 apertius
1059 2484 1196 2527 dicam
1226 2510 1282 2515 ——
1311 2499 1465 2540 graeca
1496 2484 1609 2527 enim
1637 2497 1705 2527 res
1734 2487 1798 2526 est

298 2555 405 2596 nihil
432 2555 569 2597 velare
598 2581 654 2586 —
679 2555 724 2596 in
753 2554 848 2596 aliis
877 2553 974 2595 vitis
1003 2553 1159 2607 partim
1180 2553 1392 2608 graviores
1417 2552 1625 2608 quaedam
1639 2552 1793 2596 discre-

298 2626 467 2678 pantiae
499 2625 706 2667 editorum
734 2624 932 2680 fugerunt
962 2624 1244 2679 diligentiam,
1280 2624 1438 2678 partim
1467 2639 1575 2679 quae
1602 2626 1797 2667 enotatae

299 2699 396 2737 sunt
434 2695 634 2737 lectiones
675 2695 869 2750 ambigue
909 2693 1130 2736 scribendo
1170 2694 1239 2736 hic
1273 2694 1361 2736 illic
1402 2694 1649 2737 obscuratae
1689 2696 1796 2745 sunt,

298 2769 440 2808 tamen
469 2765 513 2805 in
542 2763 658 2806 nulla
684 2764 770 2806 vita
799 2763 932 2818 magis
972 2761 1138 2804 videtur
1175 2760 1419 2813 dolendum,
1454 2760 1566 2817 quod
1604 2761 1792 2816 aliquan-

390 2873 424 2916 *)
444 2874 530 2907 Hinc
549 2876 670 2909 merito
688 2876 856 2919 suspicari
873 2875 972 2916 lieet,
1000 2874 1158 2908 codicem
1178 2874 1390 2918 descriptum
1409 2884 1490 2908 esse
1507 2884 1549 2907 ex
1570 2873 1659 2908 libro
1677 2872 1797 2907 litteris

303 2932 478 2974 quadratis
507 2937 653 2968 exarato.
