1962 3314
998 192 1247 235 ...8.-

380 308 428 348 ut
463 304 692 361 largiamur
730 303 836 347 haec
874 316 992 346 suam
1033 318 1107 346 suo
1145 303 1236 345 1000
1277 302 1454 345 fortasse
1495 301 1651 344 habere
1691 300 1869 350 veniam,

380 377 522 416 tamen
556 387 650 415 cum
686 372 832 416 eadem
860 373 989 415 verba
1017 373 1292 415 certissimam
1320 372 1365 413 111
1394 371 1531 414 fronte
1567 370 1687 426 quasi
1718 372 1869 427 gerant

382 443 640 497 corruptelae
661 445 821 493 notam,
851 442 1054 496 ampliore
1073 440 1366 485 abstinendum
1388 440 1555 483 videtur
1575 439 1868 494 disputatione,

381 511 716 568 quandoquidem
740 511 775 553 si
794 511 922 554 semel
939 511 1109 554 inventa
1129 510 1256 553 fuerit
1276 509 1508 564 probabilis
1529 508 1870 563 praecedentium

381 582 601 625 verborum
622 573 874 635 explicatio,
892 581 1023 624 tutior
1052 581 1181 624 etiam
1207 580 1346 622 hiatus
1374 578 1616 623 removendi
1643 573 1867 634 temptabi-

380 655 450 694 tur
478 652 554 694 via.
613 651 798 706 Eamque
828 651 963 704 ipsam
991 651 1037 692 111
1070 650 1177 693 viam
1204 663 1280 691 nos
1314 649 1431 692 ducit
1458 649 1715 700 Macrobius,
1752 648 1867 692 lucu-

381 722 517 764 lentus
545 721 591 763 in
620 721 686 763 his
714 720 900 764 tenebris
929 720 1031 772 (11111,
1074 735 1100 763 0
1137 734 1218 775 quo
1257 719 1424 762 eosdem
1454 734 1550 762 cum·
1574 719 1797 762 Plutarcho
1825 719 1871 761 in

382 792 461 834 hac
498 793 618 845 parte
649 791 861 834 adhibitos
888 790 1021 834 videri
1062 793 1254 833 auctores
1293 803 1421 843 supra
1458 789 1585 832 verbo
1623 789 1869 832 monuimus.

381 863 639 916 Quamquam
666 875 762 904 eum
788 860 1004 904 fatendum
1035 863 1099 902 est
1125 874 1210 902 11011
1239 859 1301 902 ita
1326 858 1498 914 quidem
1526 858 1711 913 pendere
1735 873 1762 901 a
1779 858 1868 901 fon·

383 933 488 975 tium
516 930 783 981 auctoritate,
824 929 898 984 qui
926 943 1011 971 non
1038 928 1083 970 in
1120 928 1246 971 rebus
1276 926 1558 978 secundariis,
1591 926 1722 969 veluti
1747 924 1794 968 111
1822 939 1874 969 ea

382 1002 501 1053 parte
529 1012 635 1052 quae
665 999 730 1039 est
760 996 812 1039 de
831 995 964 1038 modo
1000 995 1108 1038 talos
1149 994 1351 1045 iaciendi‚
1392 1008 1466 1036 suo
1502 994 1712 1037 arbitratu
1737 993 1869 1036 varia-

381 1069 504 1119 verit,
533 1065 871 1123 quandoquidem
888 1065 977 1109 veri
1006 1065 1205 1107 similiore
1235 1064 1481 1107 narratione
1510 1063 1714 1107 maiorem
1744 1062 1872 1105 etiam

382 1138 546 1182 fabulae
592 1137 679 1180 veri
722 1136 903 1191 speciem
947 1150 991 1179 se
1033 1137 1359 1189 conparaturum
1402 1133 1613 1188 sperabat.
1681 1132 1723 1175 Is
1761 1132 1874 1175 enim

383 1207 435 1250 de
469 1207 549 1248 hac
578 1220 624 1249 re
653 1206 714 1248 ita
743 1204 915 1259 exponit
951 1204 979 1248 1,
1007 1204 1054 1246 l.:
1098 1204 1242 1246 ferunt
1279 1206 1482 1259 regnante
1510 1202 1625 1246 Anco
1653 1202 1869 1246 aedituum

382 1276 575 1319 Herculis
613 1289 690 1329 per
725 1273 852 1318 ferias
892 1274 1094 1317 otiantem
1133 1274 1258 1317 deum
1295 1276 1465 1317 tesseris
1503 1286 1747 1327 provocasse
1779 1271 1871 1327 11180

381 1348 595 1402 utriusque
632 1361 802 1389 manum
841 1349 1004 1397 tuente,
1041 1345 1206 1388 adiecta
1232 1345 1494 1396 condicione,
1534 1347 1582 1386 ut
1607 1344 1742 1386 victus
1770 1357 1874 1386 cena

381 1423 599 1475 scortoque
628 1417 889 1461 multaretur.
957 1417 1128 1460 Victore
1166 1417 1308 1471 itaque
1348 1415 1530 1459 Hercule
1568 1414 1690 1457 illum
1717 1413 1873 1456 Accam

382 1487 640 1539 Larentiam,
678 1485 984 1530 nobilissimum
1021 1485 1067 1528 id
1103 1486 1304 1540 temporis
1343 1488 1542 1536 scortum,
1584 1485 1698 1527 intra
1725 1482 1872 1527 aedem
1910 1504 1913 1507 ¹

384 1559 585 1599 inclusisse
624 1570 711 1598 cum
752 1570 840 1597 cena
879 1569 1053 1610 eamque
1089 1558 1257 1609 postero
1296 1554 1364 1598 die
1404 1553 1617 1597 distulisse
1653 1566 1873 1603 rumorem,

382 1625 493 1682 quod
522 1628 617 1680 post
644 1624 910 1668 concubitum
947 1624 1016 1667 dei
1053 1624 1283 1679 accepisset
1322 1638 1490 1675 munus,
1529 1638 1582 1666 110
1612 1621 1874 1666 commodum

383 1693 543 1747 primae
562 1691 805 1743 occasionis,
836 1705 930 1733 cum
959 1705 1002 1734 se
1021 1690 1190 1734 domum
1210 1691 1433 1745 reciperet,
1465 1689 1701 1733 offerendae
1730 1703 1869 1743 asper-

384 1763 562 1803 naretur.
620 1759 816 1802 Evenisse
851 1758 1012 1813 itaque,
1061 1761 1108 1800 ut
1138 1772 1306 1814 egressa
1334 1758 1491 1812 templo
1522 1771 1620 1800 mox
1648 1771 1675 1800 a
1705 1756 1874 1799 Garutio

383 1834 506 1885 capto
535 1830 623 1873 eius
651 1828 965 1884 pulchritudine
996 1829 1325 1883 conpellar-etur:
1372 1828 1488 1871 cuius
1523 1827 1783 1870 voluntatem
1809 1842 1869 1871 se-

384 1904 481 1944 cuta
508 1900 810 1955 adsumptaque
839 1899 998 1953 nuptiis
1033 1903 1128 1953 post
1157 1899 1318 1942 obitum
1347 1899 1427 1941 viri
1456 1899 1644 1941 omnium
1669 1898 1875 1941 bonorum

385 1971 472 2015 eius
500 1971 611 2013 facta
637 1983 823 2024 compos,
853 1983 947 2011 cum
974 1968 1214 2020 decederet,
1241 1968 1443 2023 populum
1461 1968 1695 2010 Romanum
1715 1980 1871 2009 nuncu-

384 2039 500 2093 pavit
527 2037 735 2081 heredem.
785 2036 841 2079 Et
869 2035 964 2079 ideo
993 2036 1046 2079 ab
1068 2036 1183 2079 Anco
1201 2037 1247 2078 111
1268 2035 1452 2079 Velabro
1479 2035 1570 2078 1000
1602 2034 1874 2078 celeberrimo

384 2106 500 2149 urbis
515 2105 677 2159 sepulta
694 2107 767 2155 est,
789 2118 837 2146 ac
858 2103 1058 2146 sollemne
1079 2102 1330 2146 sacrificium
1352 2101 1488 2146 eidem
1504 2101 1778 2145 constitutum
1796 2103 1873 2144 etc.

386 2174 453 2216 Sic
480 2173 572 2216 ille:
602 2172 756 2215 addam
783 2186 861 2228 ego
880 2172 960 2214 hoc
984 2174 1166 2223 tantum,
1191 2172 1407 2226 aliquanto
1436 2157 1530 2225 psus
1559 2185 1686 2226 quam
1711 2170 1870 2214 Macro-

386 2244 502 2286 bium
530 2241 774 2296 simpliciori
814 2241 982 2284 fabulae
1019 2241 1178 2284 formae
1208 2240 1391 2283 obfuisse
1421 2239 1459 2282 S.
1487 2239 1704 2282 Aurelium
1732 2239 1870 2295 Augu-

387 2312 556 2361 stinum,
586 2310 740 2365 quippe
769 2309 1094 2363 philosophandi
1119 2310 1287 2363 pruritu
1312 2309 1598 2364 lectorumque
1617 2308 1870 2365 indignatio-

386 2394 482 2422 nem
505 2378 697 2422 movendi
727 2378 864 2420 studio
893 2378 1144 2421 mirabiliter
1172 2378 1459 2429 obcaecatum,
1488 2381 1537 2420 ut
1565 2378 1639 2433 qui
1667 2392 1874 2433 nusquam
1944 2434 1948 2438 .

387 2451 468 2492 nisi
496 2465 589 2493 011111
618 2450 792 2493 11011010
820 2449 1001 2505 quodam
1028 2449 1084 2493 ad
1113 2449 1317 2493 eiusmodi
1347 2449 1585 2492 fabularum
1613 2448 1876 2493 descenderit

388 2520 697 2575 mentionem*).
746 2520 996 2575 Ceteroquin
1016 2520 1227 2574 conspirat
1254 2520 1290 2562 is
1319 2534 1414 2562 cum
1438 2519 1654 2563 Macrobio
1673 2520 1719 2562 in
1741 2520 1873 2563 omni-

482 2654 516 2696 *)
551 2655 628 2689 Non
656 2657 847 2691 admodum
878 2657 1040 2701 religiose
1067 2656 1281 2691 Christianos
1315 2657 1501 2701 scriptores
1532 2657 1705 2692 eiusmodi
1742 2656 1876 2694 rabulas

392 2716 514 2749 referre
539 2715 660 2768 solitos
685 2726 782 2759 esse,
808 2717 925 2751 multis
949 2717 1117 2760 exemplis
1143 2717 1392 2751 demonstravit
1416 2716 1684 2752 Schoemannus
1709 2717 1754 2751 de
1775 2717 1876 2761 poesi

391 2773 600 2816 theogonica
632 2773 837 2808 Graecorum
865 2786 899 2819 p.
925 2776 1026 2809 13==
1043 2774 1169 2818 Opusc.
1195 2774 1242 2817 11,
1273 2775 1332 2817 14,
1362 2776 1416 2809 20.
1465 2774 1541 2808 Alia
1564 2775 1722 2808 eiusdem
1739 2773 1877 2818 generis

391 2831 663 2874 interpolationis
697 2833 856 2875 contagia
886 2831 1137 2866 monachorum
1170 2831 1271 2875 culpa
1297 2831 1402 2875 longe
1427 2831 1563 2875 lateque
1598 2832 1769 2875 serpsisse
1796 2839 1875 2864 cum

393 2893 425 2924 in
450 2891 525 2925 aliis
549 2895 704 2925 veterum
734 2893 889 2935 scriptis,
922 2897 995 2927 tum
1029 2892 1119 2936 apud
1154 2891 1375 2926 Plutarchum
1407 2896 1489 2936 post
1515 2891 1655 2926 Dorvill.
1682 2891 1726 2925 ad
1750 2889 1874 2924 charit.

391 2958 424 2991 p.
441 2948 506 2982 316
530 2948 581 2990 L.‚
607 2957 710 2991 quem
732 2949 903 2992 adlegavit
924 2949 1069 2985 Lobeck
1093 2948 1263 2993 Aglaoph.
1287 2959 1321 2993 p.
1348 2949 1427 2993 525,
1453 2948 1563 2985 Cobet
1584 2949 1656 2984 VL.
1673 2959 1707 2993 1).
1727 2943 1791 2982 211
1811 2957 1877 2991 sq„
