<?xml version="1.0" encoding="UTF-8"?>
<!DOCTYPE html PUBLIC "-//W3C//DTD XHTML 1.0 Transitional//EN"
    "http://www.w3.org/TR/xhtml1/DTD/xhtml1-transitional.dtd">
<html xmlns="http://www.w3.org/1999/xhtml" xml:lang="en" lang="en">
 <head>
  <title>
</title>
<meta http-equiv="Content-Type" content="text/html;charset=utf-8" />
  <meta name='ocr-system' content='tesseract 3.04.00' />
  <meta name='ocr-capabilities' content='ocr_page ocr_carea ocr_par ocr_line ocrx_word'/>
</head>
<body>
  <div class='ocr_page' id='page_1' title='image "./vindiciarumpluta00doehuoft_0104.png"; bbox 0 0 1962 3314; ppageno 0'>
   <div class='ocr_carea' id='block_1_1' title="bbox 925 121 1210 163">
    <p class='ocr_par' dir='ltr' id='par_1_1' title="bbox 925 121 1210 163">
     <span class='ocr_line' id='line_1_1' title="bbox 925 121 1210 163; baseline -0.004 -11"><span class='ocrx_word' id='word_1_1' title='bbox 925 121 1210 163; x_wconf 81' lang='lat'>...94-</span> 
     </span>
    </p>
   </div>
   <div class='ocr_carea' id='block_1_2' title="bbox 310 230 1820 1475">
    <p class='ocr_par' dir='ltr' id='par_1_2' title="bbox 310 230 1820 1475">
     <span class='ocr_line' id='line_1_2' title="bbox 324 230 1815 289; baseline 0.001 -14"><span class='ocrx_word' id='word_1_2' title='bbox 324 246 409 275; x_wconf 90' lang='lat' dir='ltr'>non</span> <span class='ocrx_word' id='word_1_3' title='bbox 437 230 541 274; x_wconf 77' lang='lat' dir='ltr'>adeo</span> <span class='ocrx_word' id='word_1_4' title='bbox 570 244 668 274; x_wconf 87' lang='lat' dir='ltr'>rara</span> <span class='ocrx_word' id='word_1_5' title='bbox 696 230 896 285; x_wconf 84' lang='lat' dir='ltr'>sparsisse</span> <span class='ocrx_word' id='word_1_6' title='bbox 923 230 1138 283; x_wconf 87' lang='lat' dir='ltr'>videntur,</span> <span class='ocrx_word' id='word_1_7' title='bbox 1177 233 1226 274; x_wconf 88' lang='lat' dir='ltr'>ut</span> <span class='ocrx_word' id='word_1_8' title='bbox 1254 245 1339 274; x_wconf 92' lang='lat' dir='ltr'>non</span> <span class='ocrx_word' id='word_1_9' title='bbox 1365 245 1458 276; x_wconf 86' lang='lat' dir='ltr'>sues</span> <span class='ocrx_word' id='word_1_10' title='bbox 1486 231 1720 289; x_wconf 79' lang='lat' dir='ltr'><strong>quamlibet</strong></span> <span class='ocrx_word' id='word_1_11' title='bbox 1744 244 1815 277; x_wconf 82' lang='lat' dir='ltr'>vo-</span> 
     </span>
     <span class='ocr_line' id='line_1_3' title="bbox 323 300 1818 357; baseline -0.001 -11"><span class='ocrx_word' id='word_1_12' title='bbox 323 315 455 354; x_wconf 78' lang='lat' dir='ltr'>raceS,</span> <span class='ocrx_word' id='word_1_13' title='bbox 484 315 562 344; x_wconf 91' lang='lat' dir='ltr'>nec</span> <span class='ocrx_word' id='word_1_14' title='bbox 593 300 752 344; x_wconf 87' lang='lat' dir='ltr'>scilicet</span> <span class='ocrx_word' id='word_1_15' title='bbox 780 300 918 343; x_wconf 90' lang='lat' dir='ltr'>minus</span> <span class='ocrx_word' id='word_1_16' title='bbox 948 314 1041 343; x_wconf 89' lang='lat' dir='ltr'>sues</span> <span class='ocrx_word' id='word_1_17' title='bbox 1070 314 1198 356; x_wconf 90' lang='lat' dir='ltr'>quam</span> <span class='ocrx_word' id='word_1_18' title='bbox 1226 302 1477 345; x_wconf 77' lang='lat' dir='ltr'>nostratium</span> <span class='ocrx_word' id='word_1_19' title='bbox 1504 302 1695 357; x_wconf 85' lang='lat' dir='ltr'>porcelli,</span> <span class='ocrx_word' id='word_1_20' title='bbox 1723 301 1818 356; x_wconf 87' lang='lat' dir='ltr'>plus</span> 
     </span>
     <span class='ocr_line' id='line_1_4' title="bbox 317 373 1820 431; baseline 0.001 -14"><span class='ocrx_word' id='word_1_21' title='bbox 317 375 419 417; x_wconf 90' lang='lat' dir='ltr'>satis</span> <span class='ocrx_word' id='word_1_22' title='bbox 452 387 679 429; x_wconf 87' lang='lat' dir='ltr'>granorum</span> <span class='ocrx_word' id='word_1_23' title='bbox 716 373 902 429; x_wconf 88' lang='lat' dir='ltr'>vestigiis</span> <span class='ocrx_word' id='word_1_24' title='bbox 945 373 1260 427; x_wconf 88' lang='lat' dir='ltr'>depressissent.</span> <span class='ocrx_word' id='word_1_25' title='bbox 1336 374 1396 417; x_wconf 89' lang='lat' dir='ltr'>Ac</span> <span class='ocrx_word' id='word_1_26' title='bbox 1423 375 1598 431; x_wconf 86' lang='lat' dir='ltr'>pinguia</span> <span class='ocrx_word' id='word_1_27' title='bbox 1636 389 1739 418; x_wconf 79' lang='lat' dir='ltr'>arva</span> <span class='ocrx_word' id='word_1_28' title='bbox 1765 388 1820 419; x_wconf 84' lang='lat' dir='ltr'>ex</span> 
     </span>
     <span class='ocr_line' id='line_1_5' title="bbox 319 440 1818 499; baseline 0.002 -15"><span class='ocrx_word' id='word_1_29' title='bbox 319 456 402 485; x_wconf 92' lang='lat' dir='ltr'>uno</span> <span class='ocrx_word' id='word_1_30' title='bbox 432 441 589 484; x_wconf 89' lang='lat' dir='ltr'>semine</span> <span class='ocrx_word' id='word_1_31' title='bbox 618 440 812 484; x_wconf 82' lang='lat' dir='ltr'><strong>fruticem</strong></span> <span class='ocrx_word' id='word_1_32' title='bbox 841 455 964 495; x_wconf 84' lang='lat' dir='ltr'>saepe</span> <span class='ocrx_word' id='word_1_33' title='bbox 989 455 1259 484; x_wconf 90' lang='lat' dir='ltr'>numerosum</span> <span class='ocrx_word' id='word_1_34' title='bbox 1286 441 1461 494; x_wconf 87' lang='lat' dir='ltr'>fundere</span> <span class='ocrx_word' id='word_1_35' title='bbox 1488 443 1741 499; x_wconf 85' lang='lat' dir='ltr'>densamque</span> <span class='ocrx_word' id='word_1_36' title='bbox 1764 457 1818 486; x_wconf 85' lang='lat' dir='ltr'>ex</span> 
     </span>
     <span class='ocr_line' id='line_1_6' title="bbox 317 507 1816 563; baseline 0.001 -12"><span class='ocrx_word' id='word_1_37' title='bbox 317 523 413 552; x_wconf 88' lang='lat' dir='ltr'>raro</span> <span class='ocrx_word' id='word_1_38' title='bbox 436 508 593 551; x_wconf 92' lang='lat' dir='ltr'>semine</span> <span class='ocrx_word' id='word_1_39' title='bbox 614 511 799 563; x_wconf 77' lang='lat' dir='ltr'>segetem</span> <span class='ocrx_word' id='word_1_40' title='bbox 818 508 1022 559; x_wconf 77' lang='lat' dir='ltr'>emittere,</span> <span class='ocrx_word' id='word_1_41' title='bbox 1052 507 1088 549; x_wconf 93' lang='lat' dir='ltr'>si</span> <span class='ocrx_word' id='word_1_42' title='bbox 1109 521 1194 550; x_wconf 92' lang='lat' dir='ltr'>non</span> <span class='ocrx_word' id='word_1_43' title='bbox 1211 522 1308 551; x_wconf 91' lang='lat' dir='ltr'>usus</span> <span class='ocrx_word' id='word_1_44' title='bbox 1327 508 1506 563; x_wconf 84' lang='lat' dir='ltr'>doceret,</span> <span class='ocrx_word' id='word_1_45' title='bbox 1526 510 1683 554; x_wconf 88' lang='lat' dir='ltr'>diserto</span> <span class='ocrx_word' id='word_1_46' title='bbox 1700 508 1816 553; x_wconf 86' lang='lat' dir='ltr'>haud</span> 
     </span>
     <span class='ocr_line' id='line_1_7' title="bbox 316 577 1814 633; baseline -0.001 -10"><span class='ocrx_word' id='word_1_47' title='bbox 316 579 440 623; x_wconf 89' lang='lat' dir='ltr'>dubie</span> <span class='ocrx_word' id='word_1_48' title='bbox 461 579 572 621; x_wconf 89' lang='lat' dir='ltr'>Plini</span> <span class='ocrx_word' id='word_1_49' title='bbox 600 579 841 621; x_wconf 86' lang='lat' dir='ltr'>testimonio</span> <span class='ocrx_word' id='word_1_50' title='bbox 871 578 1030 622; x_wconf 83' lang='lat' dir='ltr'>discere</span> <span class='ocrx_word' id='word_1_51' title='bbox 1060 592 1275 633; x_wconf 87' lang='lat' dir='ltr'>possemus</span> <span class='ocrx_word' id='word_1_52' title='bbox 1298 579 1385 633; x_wconf 86' lang='lat' dir='ltr'>(cfr.</span> <span class='ocrx_word' id='word_1_53' title='bbox 1407 580 1511 623; x_wconf 91' lang='lat' dir='ltr'>Plin.</span> <span class='ocrx_word' id='word_1_54' title='bbox 1534 581 1575 623; x_wconf 92' lang='lat' dir='ltr'>h.</span> <span class='ocrx_word' id='word_1_55' title='bbox 1598 577 1814 631; x_wconf 83' lang='lat' dir='ltr'>n.XV111,</span> 
     </span>
     <span class='ocr_line' id='line_1_8' title="bbox 316 648 1811 705; baseline -0.001 -11"><span class='ocrx_word' id='word_1_56' title='bbox 316 653 388 700; x_wconf 86' lang='lat'>24,</span> <span class='ocrx_word' id='word_1_57' title='bbox 414 652 520 704; x_wconf 85' lang='lat'>199).</span> <span class='ocrx_word' id='word_1_58' title='bbox 572 648 719 705; x_wconf 88' lang='lat' dir='ltr'>Itaque</span> <span class='ocrx_word' id='word_1_59' title='bbox 742 649 847 691; x_wconf 88' lang='lat' dir='ltr'>haec</span> <span class='ocrx_word' id='word_1_60' title='bbox 867 648 1036 704; x_wconf 91' lang='lat' dir='ltr'>quidem</span> <span class='ocrx_word' id='word_1_61' title='bbox 1058 663 1179 691; x_wconf 89' lang='lat' dir='ltr'>suum</span> <span class='ocrx_word' id='word_1_62' title='bbox 1200 652 1540 694; x_wconf 75' lang='lat' dir='ltr'>commemoratio</span> <span class='ocrx_word' id='word_1_63' title='bbox 1566 665 1651 693; x_wconf 92' lang='lat' dir='ltr'>non</span> <span class='ocrx_word' id='word_1_64' title='bbox 1669 650 1811 694; x_wconf 79' lang='lat' dir='ltr'>admo—</span> 
     </span>
     <span class='ocr_line' id='line_1_9' title="bbox 318 717 1814 774; baseline 0.001 -14"><span class='ocrx_word' id='word_1_65' title='bbox 318 718 417 761; x_wconf 88' lang='lat' dir='ltr'>dum</span> <span class='ocrx_word' id='word_1_66' title='bbox 443 733 638 774; x_wconf 90' lang='lat' dir='ltr'>magnam</span> <span class='ocrx_word' id='word_1_67' title='bbox 667 717 961 761; x_wconf 86' lang='lat' dir='ltr'>difficultatem</span> <span class='ocrx_word' id='word_1_68' title='bbox 989 717 1129 761; x_wconf 89' lang='lat' dir='ltr'>habet.</span> <span class='ocrx_word' id='word_1_69' title='bbox 1194 717 1277 761; x_wconf 87' lang='lat' dir='ltr'>Sed</span> <span class='ocrx_word' id='word_1_70' title='bbox 1307 734 1390 774; x_wconf 90' lang='lat' dir='ltr'>quo</span> <span class='ocrx_word' id='word_1_71' title='bbox 1423 719 1658 774; x_wconf 87' lang='lat' dir='ltr'>expeditior</span> <span class='ocrx_word' id='word_1_72' title='bbox 1679 719 1726 762; x_wconf 90' lang='lat' dir='ltr'>in</span> <span class='ocrx_word' id='word_1_73' title='bbox 1747 719 1814 762; x_wconf 91' lang='lat' dir='ltr'>his</span> 
     </span>
     <span class='ocr_line' id='line_1_10' title="bbox 317 787 1815 845; baseline 0.001 -14"><span class='ocrx_word' id='word_1_74' title='bbox 317 789 422 831; x_wconf 91' lang='lat' dir='ltr'>mihi</span> <span class='ocrx_word' id='word_1_75' title='bbox 448 788 616 831; x_wconf 84' lang='lat' dir='ltr'>videtur</span> <span class='ocrx_word' id='word_1_76' title='bbox 643 802 787 842; x_wconf 91' lang='lat' dir='ltr'>opera,</span> <span class='ocrx_word' id='word_1_77' title='bbox 815 801 864 831; x_wconf 88' lang='lat' dir='ltr'>eo</span> <span class='ocrx_word' id='word_1_78' title='bbox 891 787 1025 843; x_wconf 88' lang='lat' dir='ltr'>magis</span> <span class='ocrx_word' id='word_1_79' title='bbox 1056 788 1318 843; x_wconf 83' lang='lat' dir='ltr'>exagitamur</span> <span class='ocrx_word' id='word_1_80' title='bbox 1334 789 1535 832; x_wconf 87' lang='lat' dir='ltr'>intricata</span> <span class='ocrx_word' id='word_1_81' title='bbox 1561 789 1815 845; x_wconf 80' lang='lat' dir='ltr'>quaestione,</span> 
     </span>
     <span class='ocr_line' id='line_1_11' title="bbox 315 854 1817 912; baseline 0 -13"><span class='ocrx_word' id='word_1_82' title='bbox 315 858 388 912; x_wconf 92' lang='lat' dir='ltr'>qui</span> <span class='ocrx_word' id='word_1_83' title='bbox 417 857 574 899; x_wconf 87' lang='lat' dir='ltr'>factum</span> <span class='ocrx_word' id='word_1_84' title='bbox 602 857 675 908; x_wconf 92' lang='lat' dir='ltr'>sit,</span> <span class='ocrx_word' id='word_1_85' title='bbox 721 870 815 898; x_wconf 89' lang='lat' dir='ltr'>cum</span> <span class='ocrx_word' id='word_1_86' title='bbox 844 855 898 898; x_wconf 90' lang='lat' dir='ltr'>ab</span> <span class='ocrx_word' id='word_1_87' title='bbox 924 854 1139 899; x_wconf 86' lang='lat' dir='ltr'>Herodoto</span> <span class='ocrx_word' id='word_1_88' title='bbox 1169 859 1211 899; x_wconf 91' lang='lat' dir='ltr'>et</span> <span class='ocrx_word' id='word_1_89' title='bbox 1250 856 1490 912; x_wconf 89' lang='lat' dir='ltr'>pedisequis</span> <span class='ocrx_word' id='word_1_90' title='bbox 1527 857 1616 900; x_wconf 89' lang='lat' dir='ltr'>eius</span> <span class='ocrx_word' id='word_1_91' title='bbox 1646 859 1817 911; x_wconf 89' lang='lat' dir='ltr'>praeter</span> 
     </span>
     <span class='ocr_line' id='line_1_12' title="bbox 317 922 1815 978; baseline -0.001 -11"><span class='ocrx_word' id='word_1_92' title='bbox 317 924 548 967; x_wconf 91' lang='lat' dir='ltr'>Diodorum</span> <span class='ocrx_word' id='word_1_93' title='bbox 569 923 624 966; x_wconf 90' lang='lat' dir='ltr'>ad</span> <span class='ocrx_word' id='word_1_94' title='bbox 653 937 782 965; x_wconf 91' lang='lat' dir='ltr'>unum</span> <span class='ocrx_word' id='word_1_95' title='bbox 803 922 1012 975; x_wconf 89' lang='lat' dir='ltr'>omnibus,</span> <span class='ocrx_word' id='word_1_96' title='bbox 1035 922 1233 978; x_wconf 84' lang='lat' dir='ltr'>Aegyptii</span> <span class='ocrx_word' id='word_1_97' title='bbox 1257 923 1413 967; x_wconf 89' lang='lat' dir='ltr'>diserte</span> <span class='ocrx_word' id='word_1_98' title='bbox 1443 924 1641 967; x_wconf 90' lang='lat' dir='ltr'>dicantur</span> <span class='ocrx_word' id='word_1_99' title='bbox 1665 938 1753 966; x_wconf 73' lang='lat' dir='ltr'>sues</span> <span class='ocrx_word' id='word_1_100' title='bbox 1773 927 1815 966; x_wconf 79' lang='lat' dir='ltr'>in</span> 
     </span>
     <span class='ocr_line' id='line_1_13' title="bbox 316 994 1811 1051; baseline 0 -13"><span class='ocrx_word' id='word_1_101' title='bbox 316 1011 426 1051; x_wconf 63' lang='lat' dir='ltr'>agros</span> <span class='ocrx_word' id='word_1_102' title='bbox 451 998 582 1037; x_wconf 76' lang='lat' dir='ltr'>tritico</span> <span class='ocrx_word' id='word_1_103' title='bbox 609 998 767 1036; x_wconf 74' lang='lat' dir='ltr'>consitos</span> <span class='ocrx_word' id='word_1_104' title='bbox 795 997 934 1049; x_wconf 69' lang='lat' dir='ltr'>eyisse,</span> <span class='ocrx_word' id='word_1_105' title='bbox 965 997 1013 1036; x_wconf 88' lang='lat' dir='ltr'>ut</span> <span class='ocrx_word' id='word_1_106' title='bbox 1041 994 1087 1036; x_wconf 92' lang='lat' dir='ltr'>id</span> <span class='ocrx_word' id='word_1_107' title='bbox 1117 994 1229 1049; x_wconf 89' lang='lat' dir='ltr'>quod</span> <span class='ocrx_word' id='word_1_108' title='bbox 1259 994 1312 1037; x_wconf 89' lang='lat' dir='ltr'>ad</span> <span class='ocrx_word' id='word_1_109' title='bbox 1341 1009 1432 1038; x_wconf 91' lang='lat' dir='ltr'>rem</span> <span class='ocrx_word' id='word_1_110' title='bbox 1460 995 1642 1038; x_wconf 72' lang='lat' dir='ltr'>maxime</span> <span class='ocrx_word' id='word_1_111' title='bbox 1670 1008 1811 1038; x_wconf 87' lang='lat' dir='ltr'>neces-</span> 
     </span>
     <span class='ocr_line' id='line_1_14' title="bbox 315 1063 1809 1120; baseline 0 -12"><span class='ocrx_word' id='word_1_112' title='bbox 315 1068 472 1108; x_wconf 87' lang='lat' dir='ltr'>sarium</span> <span class='ocrx_word' id='word_1_113' title='bbox 503 1067 612 1108; x_wconf 87' lang='lat' dir='ltr'>esset</span> <span class='ocrx_word' id='word_1_114' title='bbox 639 1064 693 1107; x_wconf 92' lang='lat' dir='ltr'>ab</span> <span class='ocrx_word' id='word_1_115' title='bbox 723 1078 806 1106; x_wconf 91' lang='lat' dir='ltr'>uno</span> <span class='ocrx_word' id='word_1_116' title='bbox 834 1063 1079 1116; x_wconf 87' lang='lat' dir='ltr'>Plutarcho,</span> <span class='ocrx_word' id='word_1_117' title='bbox 1122 1064 1167 1106; x_wconf 91' lang='lat' dir='ltr'>in</span> <span class='ocrx_word' id='word_1_118' title='bbox 1207 1063 1357 1107; x_wconf 87' lang='lat' dir='ltr'>ceteris</span> <span class='ocrx_word' id='word_1_119' title='bbox 1385 1068 1458 1107; x_wconf 89' lang='lat' dir='ltr'>aut</span> <span class='ocrx_word' id='word_1_120' title='bbox 1495 1065 1605 1108; x_wconf 91' lang='lat' dir='ltr'>nihil</span> <span class='ocrx_word' id='word_1_121' title='bbox 1632 1069 1707 1108; x_wconf 89' lang='lat' dir='ltr'>aut</span> <span class='ocrx_word' id='word_1_122' title='bbox 1733 1079 1809 1120; x_wconf 86' lang='lat' dir='ltr'>pu-</span> 
     </span>
     <span class='ocr_line' id='line_1_15' title="bbox 313 1135 1808 1191; baseline 0.001 -12"><span class='ocrx_word' id='word_1_123' title='bbox 313 1137 454 1180; x_wconf 90' lang='lat' dir='ltr'>sillum</span> <span class='ocrx_word' id='word_1_124' title='bbox 483 1136 535 1188; x_wconf 89' lang='lat' dir='ltr'>ab</span> <span class='ocrx_word' id='word_1_125' title='bbox 567 1139 738 1179; x_wconf 88' lang='lat' dir='ltr'>auctore</span> <span class='ocrx_word' id='word_1_126' title='bbox 778 1135 1038 1187; x_wconf 88' lang='lat' dir='ltr'>discedente,</span> <span class='ocrx_word' id='word_1_127' title='bbox 1083 1149 1178 1178; x_wconf 86' lang='lat' dir='ltr'>oum</span> <span class='ocrx_word' id='word_1_128' title='bbox 1215 1136 1371 1191; x_wconf 89' lang='lat' dir='ltr'>insigni</span> <span class='ocrx_word' id='word_1_129' title='bbox 1411 1137 1643 1180; x_wconf 85' lang='lat' dir='ltr'>sentent-iae</span> <span class='ocrx_word' id='word_1_130' title='bbox 1680 1136 1808 1180; x_wconf 86' lang='lat' dir='ltr'>detri—</span> 
     </span>
     <span class='ocr_line' id='line_1_16' title="bbox 313 1204 1814 1260; baseline -0.001 -10"><span class='ocrx_word' id='word_1_131' title='bbox 313 1211 454 1250; x_wconf 90' lang='lat' dir='ltr'>mento</span> <span class='ocrx_word' id='word_1_132' title='bbox 494 1206 792 1249; x_wconf 77' lang='lat' dir='ltr'>omitteretur?</span> <span class='ocrx_word' id='word_1_133' title='bbox 849 1205 988 1260; x_wconf 87' lang='lat' dir='ltr'>Atque</span> <span class='ocrx_word' id='word_1_134' title='bbox 1033 1204 1269 1248; x_wconf 81' lang='lat' dir='ltr'>indicatum</span> <span class='ocrx_word' id='word_1_135' title='bbox 1306 1205 1434 1248; x_wconf 88' lang='lat' dir='ltr'>fuisse</span> <span class='ocrx_word' id='word_1_136' title='bbox 1471 1205 1572 1248; x_wconf 88' lang='lat' dir='ltr'>olim</span> <span class='ocrx_word' id='word_1_137' title='bbox 1610 1205 1814 1249; x_wconf 91' lang='lat' dir='ltr'>eiusmodi</span> 
     </span>
     <span class='ocr_line' id='line_1_17' title="bbox 310 1276 1809 1334; baseline 0 -14"><span class='ocrx_word' id='word_1_138' title='bbox 310 1278 430 1334; x_wconf 89' lang='lat' dir='ltr'>quid,</span> <span class='ocrx_word' id='word_1_139' title='bbox 468 1277 608 1320; x_wconf 84' lang='lat' dir='ltr'>nescio</span> <span class='ocrx_word' id='word_1_140' title='bbox 648 1291 704 1319; x_wconf 92' lang='lat' dir='ltr'>an</span> <span class='ocrx_word' id='word_1_141' title='bbox 740 1276 1029 1319; x_wconf 90' lang='lat' dir='ltr'>testimonium</span> <span class='ocrx_word' id='word_1_142' title='bbox 1067 1276 1300 1330; x_wconf 88' lang='lat' dir='ltr'>praebeant</span> <span class='ocrx_word' id='word_1_143' title='bbox 1334 1279 1466 1320; x_wconf 86' lang='lat' dir='ltr'>verba</span> <span class='ocrx_word' id='word_1_144' title='bbox 1507 1277 1660 1332; x_wconf 89' lang='lat' dir='ltr'>quibus</span> <span class='ocrx_word' id='word_1_145' title='bbox 1704 1277 1809 1320; x_wconf 82' lang='lat' dir='ltr'>haec</span> 
     </span>
     <span class='ocr_line' id='line_1_18' title="bbox 313 1340 1813 1405; baseline -0.001 -15"><span class='ocrx_word' id='word_1_146' title='bbox 313 1348 611 1390; x_wconf 86' lang='lat' dir='ltr'>continuantur</span> <span class='ocrx_word' id='word_1_147' title='bbox 654 1345 728 1388; x_wconf 81' lang='grc' dir='ltr'><em>καὶ</em></span> <span class='ocrx_word' id='word_1_148' title='bbox 767 1344 844 1388; x_wconf 73' lang='grc' dir='ltr'><em>τὸν</em></span> <span class='ocrx_word' id='word_1_149' title='bbox 884 1343 1054 1404; x_wconf 88' lang='grc' dir='ltr'><em>σπόρον</em></span> <span class='ocrx_word' id='word_1_150' title='bbox 1085 1340 1367 1405; x_wconf 72' lang='grc' dir='ltr'><em>ἀπέκρυψαν.</em></span> <span class='ocrx_word' id='word_1_151' title='bbox 1436 1345 1511 1388; x_wconf 89' lang='lat' dir='ltr'>Cui</span> <span class='ocrx_word' id='word_1_152' title='bbox 1549 1345 1813 1389; x_wconf 89' lang='lat' dir='ltr'>incommodo</span> 
     </span>
     <span class='ocr_line' id='line_1_19' title="bbox 311 1415 1812 1475; baseline -0.001 -14"><span class='ocrx_word' id='word_1_153' title='bbox 311 1433 393 1475; x_wconf 90' lang='lat' dir='ltr'>quo</span> <span class='ocrx_word' id='word_1_154' title='bbox 435 1417 612 1461; x_wconf 87' lang='lat' dir='ltr'>satisfiat</span> <span class='ocrx_word' id='word_1_155' title='bbox 656 1416 853 1472; x_wconf 90' lang='lat' dir='ltr'>equidem</span> <span class='ocrx_word' id='word_1_156' title='bbox 891 1430 976 1459; x_wconf 89' lang='lat' dir='ltr'>non</span> <span class='ocrx_word' id='word_1_157' title='bbox 1017 1415 1138 1459; x_wconf 88' lang='lat' dir='ltr'>video</span> <span class='ocrx_word' id='word_1_158' title='bbox 1183 1416 1286 1471; x_wconf 88' lang='lat' dir='ltr'>quid</span> <span class='ocrx_word' id='word_1_159' title='bbox 1324 1431 1351 1459; x_wconf 89' lang='lat' dir='ltr'>a</span> <span class='ocrx_word' id='word_1_160' title='bbox 1391 1416 1618 1460; x_wconf 85' lang='lat' dir='ltr'>Plutarcho</span> <span class='ocrx_word' id='word_1_161' title='bbox 1661 1417 1812 1471; x_wconf 87' lang='lat' dir='ltr'>aptius,</span> 
     </span>
    </p>
   </div>
   <div class='ocr_carea' id='block_1_3' title="bbox 312 1485 1892 1540">
    <p class='ocr_par' dir='ltr' id='par_1_3' title="bbox 312 1485 1892 1540">
     <span class='ocr_line' id='line_1_20' title="bbox 312 1485 1892 1540; baseline -0.001 -9"><span class='ocrx_word' id='word_1_162' title='bbox 312 1492 454 1532; x_wconf 87' lang='lat' dir='ltr'>cetera</span> <span class='ocrx_word' id='word_1_163' title='bbox 482 1487 623 1530; x_wconf 88' lang='lat' dir='ltr'>omnia</span> <span class='ocrx_word' id='word_1_164' title='bbox 652 1486 810 1529; x_wconf 88' lang='lat' dir='ltr'>eisdem</span> <span class='ocrx_word' id='word_1_165' title='bbox 837 1500 972 1540; x_wconf 89' lang='lat' dir='ltr'>paene</span> <span class='ocrx_word' id='word_1_166' title='bbox 1008 1500 1103 1529; x_wconf 85' lang='lat' dir='ltr'>cum</span> <span class='ocrx_word' id='word_1_167' title='bbox 1132 1485 1346 1529; x_wconf 87' lang='lat' dir='ltr'>Herodoto</span> <span class='ocrx_word' id='word_1_168' title='bbox 1384 1486 1525 1530; x_wconf 86' lang='lat' dir='ltr'>verbis</span> <span class='ocrx_word' id='word_1_169' title='bbox 1550 1486 1814 1539; x_wconf 90' lang='lat' dir='ltr'>redhibente,</span> <span class='ocrx_word' id='word_1_170' title='bbox 1889 1501 1892 1504; x_wconf 76' lang='grc'><strong><em>’</em></strong></span> 
     </span>
    </p>
   </div>
   <div class='ocr_carea' id='block_1_4' title="bbox 307 1551 1813 2932">
    <p class='ocr_par' dir='ltr' id='par_1_4' title="bbox 307 1551 1813 2791">
     <span class='ocr_line' id='line_1_21' title="bbox 313 1551 1810 1615; baseline -0.003 -12"><span class='ocrx_word' id='word_1_171' title='bbox 313 1559 479 1603; x_wconf 86' lang='lat' dir='ltr'>exarari</span> <span class='ocrx_word' id='word_1_172' title='bbox 513 1557 699 1613; x_wconf 86' lang='lat' dir='ltr'>potuerit</span> <span class='ocrx_word' id='word_1_173' title='bbox 736 1571 860 1613; x_wconf 88' lang='lat' dir='ltr'>quam</span> <span class='ocrx_word' id='word_1_174' title='bbox 903 1551 998 1598; x_wconf 75' lang='grc' dir='ltr'><em>ἀλλ’</em></span> <span class='ocrx_word' id='word_1_175' title='bbox 1027 1553 1133 1599; x_wconf 81' lang='grc' dir='ltr'><em>ὅταν</em></span> <span class='ocrx_word' id='word_1_176' title='bbox 1174 1551 1196 1598; x_wconf 80' lang='grc' dir='ltr'><em>ὃ</em></span> <span class='ocrx_word' id='word_1_177' title='bbox 1236 1555 1399 1607; x_wconf 85' lang='grc' dir='ltr'><em>Νεῖλος</em></span> <span class='ocrx_word' id='word_1_178' title='bbox 1431 1552 1634 1615; x_wconf 76' lang='grc' dir='ltr'><em>ἀπορρέῃ</em></span> <span class='ocrx_word' id='word_1_179' title='bbox 1674 1572 1810 1599; x_wconf 86' lang='grc' dir='ltr'><em>κατα-</em></span> 
     </span>
     <span class='ocr_line' id='line_1_22' title="bbox 313 1623 1812 1687; baseline -0.003 -14"><span class='ocrx_word' id='word_1_180' title='bbox 313 1629 475 1687; x_wconf 82' lang='grc' dir='ltr'><em>βρέξας</em></span> <span class='ocrx_word' id='word_1_181' title='bbox 511 1628 589 1681; x_wconf 81' lang='grc' dir='ltr'>τάς</span> <span class='ocrx_word' id='word_1_182' title='bbox 633 1624 828 1687; x_wconf 77' lang='grc' dir='ltr'><em>ἀρούρας</em></span> <span class='ocrx_word' id='word_1_183' title='bbox 867 1625 1281 1677; x_wconf 73' lang='grc' dir='ltr'><em>ἐπακολουθοῦντες</em></span> <span class='ocrx_word' id='word_1_184' title='bbox 1323 1625 1418 1668; x_wconf 84' lang='grc' dir='ltr'><em>καὶ</em></span> <span class='ocrx_word' id='word_1_185' title='bbox 1464 1623 1812 1684; x_wconf 84' lang='grc' dir='ltr'><em>σπείροντες</em></span> 
     </span>
     <span class='ocr_line' id='line_1_23' title="bbox 311 1691 1813 1753; baseline -0.004 -11"><span class='ocrx_word' id='word_1_186' title='bbox 311 1698 391 1750; x_wconf 85' lang='grc' dir='ltr'><em>τὰς</em></span> <span class='ocrx_word' id='word_1_187' title='bbox 419 1691 469 1750; x_wconf 85' lang='grc' dir='ltr'>ὗς</span> <span class='ocrx_word' id='word_1_188' title='bbox 487 1696 771 1753; x_wconf 79' lang='grc' dir='ltr'><em>κατέβαλλον,</em></span> <span class='ocrx_word' id='word_1_189' title='bbox 805 1710 911 1751; x_wconf 89' lang='lat' dir='ltr'>quae</span> <span class='ocrx_word' id='word_1_190' title='bbox 931 1694 1034 1750; x_wconf 91' lang='lat' dir='ltr'>quid</span> <span class='ocrx_word' id='word_1_191' title='bbox 1056 1694 1293 1750; x_wconf 88' lang='lat' dir='ltr'>significent</span> <span class='ocrx_word' id='word_1_192' title='bbox 1320 1708 1405 1737; x_wconf 91' lang='lat' dir='ltr'>non</span> <span class='ocrx_word' id='word_1_193' title='bbox 1425 1697 1489 1737; x_wconf 92' lang='lat' dir='ltr'>est</span> <span class='ocrx_word' id='word_1_194' title='bbox 1515 1693 1627 1749; x_wconf 92' lang='lat' dir='ltr'>quod</span> <span class='ocrx_word' id='word_1_195' title='bbox 1647 1693 1813 1737; x_wconf 85' lang='lat' dir='ltr'>dicatur</span> 
     </span>
     <span class='ocr_line' id='line_1_24' title="bbox 315 1765 1810 1823; baseline -0.001 -12"><span class='ocrx_word' id='word_1_196' title='bbox 315 1768 518 1823; x_wconf 89' lang='lat' dir='ltr'>pluribus.</span> <span class='ocrx_word' id='word_1_197' title='bbox 575 1767 666 1810; x_wconf 88' lang='lat' dir='ltr'>Hoc</span> <span class='ocrx_word' id='word_1_198' title='bbox 694 1781 825 1809; x_wconf 88' lang='lat' dir='ltr'>unum</span> <span class='ocrx_word' id='word_1_199' title='bbox 855 1765 1018 1818; x_wconf 89' lang='lat' dir='ltr'>addam,</span> <span class='ocrx_word' id='word_1_200' title='bbox 1047 1780 1101 1808; x_wconf 91' lang='lat' dir='ltr'>ne</span> <span class='ocrx_word' id='word_1_201' title='bbox 1139 1766 1232 1821; x_wconf 90' lang='lat' dir='ltr'>quis</span> <span class='ocrx_word' id='word_1_202' title='bbox 1272 1780 1366 1808; x_wconf 89' lang='lat' dir='ltr'>cum</span> <span class='ocrx_word' id='word_1_203' title='bbox 1395 1765 1566 1809; x_wconf 88' lang='lat' dir='ltr'>Reiskio</span> <span class='ocrx_word' id='word_1_204' title='bbox 1596 1770 1810 1821; x_wconf 85' lang='lat' dir='ltr'>exspectet</span> 
     </span>
     <span class='ocr_line' id='line_1_25' title="bbox 313 1833 1810 1890; baseline -0.001 -12"><span class='ocrx_word' id='word_1_205' title='bbox 313 1833 590 1890; x_wconf 80' lang='grc' dir='ltr'><em>εἰσέβαλλον,</em></span> <span class='ocrx_word' id='word_1_206' title='bbox 633 1834 680 1877; x_wconf 91' lang='lat' dir='ltr'>in</span> <span class='ocrx_word' id='word_1_207' title='bbox 715 1833 964 1877; x_wconf 89' lang='lat' dir='ltr'>memoriam</span> <span class='ocrx_word' id='word_1_208' title='bbox 999 1833 1281 1876; x_wconf 87' lang='lat' dir='ltr'>revocandum</span> <span class='ocrx_word' id='word_1_209' title='bbox 1309 1833 1581 1877; x_wconf 86' lang='lat' dir='ltr'>Plutarchum</span> <span class='ocrx_word' id='word_1_210' title='bbox 1608 1834 1725 1890; x_wconf 90' lang='lat' dir='ltr'>loqui</span> <span class='ocrx_word' id='word_1_211' title='bbox 1757 1834 1810 1878; x_wconf 92' lang='lat' dir='ltr'>de</span> 
     </span>
     <span class='ocr_line' id='line_1_26' title="bbox 312 1903 1809 1961; baseline -0.001 -13"><span class='ocrx_word' id='word_1_212' title='bbox 312 1905 414 1948; x_wconf 87' lang='lat' dir='ltr'>locis</span> <span class='ocrx_word' id='word_1_213' title='bbox 443 1905 669 1959; x_wconf 91' lang='lat' dir='ltr'>depressis,</span> <span class='ocrx_word' id='word_1_214' title='bbox 699 1905 772 1948; x_wconf 90' lang='lat' dir='ltr'>ubi</span> <span class='ocrx_word' id='word_1_215' title='bbox 799 1903 920 1947; x_wconf 91' lang='lat' dir='ltr'>Nilus</span> <span class='ocrx_word' id='word_1_216' title='bbox 944 1918 1158 1961; x_wconf 86' lang='lat' dir='ltr'>regressus</span> <span class='ocrx_word' id='word_1_217' title='bbox 1186 1903 1409 1956; x_wconf 91' lang='lat' dir='ltr'>resederit,</span> <span class='ocrx_word' id='word_1_218' title='bbox 1445 1908 1495 1947; x_wconf 93' lang='lat' dir='ltr'>ut</span> <span class='ocrx_word' id='word_1_219' title='bbox 1522 1905 1809 1960; x_wconf 90' lang='lat' dir='ltr'>quaerendum</span> 
     </span>
     <span class='ocr_line' id='line_1_27' title="bbox 310 1974 1809 2030; baseline 0 -12"><span class='ocrx_word' id='word_1_220' title='bbox 310 1977 381 2028; x_wconf 93' lang='lat' dir='ltr'>sit,</span> <span class='ocrx_word' id='word_1_221' title='bbox 423 1976 629 2019; x_wconf 84' lang='lat' dir='ltr'>meritone</span> <span class='ocrx_word' id='word_1_222' title='bbox 672 1975 727 2018; x_wconf 88' lang='lat' dir='ltr'>sit</span> <span class='ocrx_word' id='word_1_223' title='bbox 764 1974 1052 2029; x_wconf 90' lang='lat' dir='ltr'>repudiatum,</span> <span class='ocrx_word' id='word_1_224' title='bbox 1102 1974 1215 2030; x_wconf 90' lang='lat' dir='ltr'>quod</span> <span class='ocrx_word' id='word_1_225' title='bbox 1257 1974 1304 2016; x_wconf 93' lang='lat' dir='ltr'>in</span> <span class='ocrx_word' id='word_1_226' title='bbox 1343 1974 1483 2018; x_wconf 86' lang='lat' dir='ltr'>verbis</span> <span class='ocrx_word' id='word_1_227' title='bbox 1525 1974 1650 2018; x_wconf 91' lang='lat' dir='ltr'>Clem.</span> <span class='ocrx_word' id='word_1_228' title='bbox 1690 1974 1809 2018; x_wconf 77' lang='lat' dir='ltr'>Alex,</span> 
     </span>
     <span class='ocr_line' id='line_1_28' title="bbox 308 2043 1809 2100; baseline 0.001 -13"><span class='ocrx_word' id='word_1_229' title='bbox 308 2045 514 2100; x_wconf 87' lang='lat' dir='ltr'>Protrept.</span> <span class='ocrx_word' id='word_1_230' title='bbox 544 2059 584 2099; x_wconf 93' lang='lat' dir='ltr'>p.</span> <span class='ocrx_word' id='word_1_231' title='bbox 619 2049 668 2088; x_wconf 87' lang='lat'>14</span> <span class='ocrx_word' id='word_1_232' title='bbox 684 2045 746 2097; x_wconf 89' lang='grc' dir='ltr'>Ρ.,</span> <span class='ocrx_word' id='word_1_233' title='bbox 785 2044 1009 2099; x_wconf 82' lang='lat' dir='ltr'>perspicua</span> <span class='ocrx_word' id='word_1_234' title='bbox 1049 2043 1341 2087; x_wconf 87' lang='lat' dir='ltr'>emendatione</span> <span class='ocrx_word' id='word_1_235' title='bbox 1372 2044 1557 2088; x_wconf 89' lang='lat' dir='ltr'>Lobecki</span> <span class='ocrx_word' id='word_1_236' title='bbox 1591 2045 1809 2100; x_wconf 88' lang='lat' dir='ltr'>temptatis</span> 
     </span>
     <span class='ocr_line' id='line_1_29' title="bbox 311 2112 1809 2172; baseline 0.001 -15"><span class='ocrx_word' id='word_1_237' title='bbox 311 2115 532 2170; x_wconf 86' lang='lat' dir='ltr'>(Aglaoph.</span> <span class='ocrx_word' id='word_1_238' title='bbox 563 2129 604 2169; x_wconf 92' lang='lat' dir='ltr'>p.</span> <span class='ocrx_word' id='word_1_239' title='bbox 637 2117 717 2158; x_wconf 85' lang='lat'>827</span> <span class='ocrx_word' id='word_1_240' title='bbox 745 2118 864 2170; x_wconf 76' lang='lat' dir='ltr'>sqq),</span> <span class='ocrx_word' id='word_1_241' title='bbox 894 2128 972 2169; x_wconf 92' lang='lat' dir='ltr'>pro</span> <span class='ocrx_word' id='word_1_242' title='bbox 1000 2114 1166 2170; x_wconf 89' lang='lat' dir='ltr'>volgato</span> <span class='ocrx_word' id='word_1_243' title='bbox 1193 2112 1372 2172; x_wconf 84' lang='grc' dir='ltr'><em>χοίρους</em></span> <span class='ocrx_word' id='word_1_244' title='bbox 1402 2113 1708 2170; x_wconf 74' lang='grc' dir='ltr'><em>ἐκβάλλοντες,</em></span> <span class='ocrx_word' id='word_1_245' title='bbox 1740 2115 1809 2159; x_wconf 88' lang='lat' dir='ltr'>cui</span> 
     </span>
     <span class='ocr_line' id='line_1_30' title="bbox 309 2182 1804 2245; baseline 0.001 -17"><span class='ocrx_word' id='word_1_246' title='bbox 309 2185 525 2229; x_wconf 82' lang='lat' dir='ltr'>substituit</span> <span class='ocrx_word' id='word_1_247' title='bbox 556 2182 865 2239; x_wconf 71' lang='grc' dir='ltr'><em>ἐσβάλλοντες,</em></span> <span class='ocrx_word' id='word_1_248' title='bbox 905 2199 933 2228; x_wconf 89' lang='lat' dir='ltr'>a</span> <span class='ocrx_word' id='word_1_249' title='bbox 962 2184 1164 2228; x_wconf 86' lang='lat' dir='ltr'>Salmasio</span> <span class='ocrx_word' id='word_1_250' title='bbox 1201 2185 1464 2239; x_wconf 90' lang='lat' dir='ltr'>propositum</span> <span class='ocrx_word' id='word_1_251' title='bbox 1492 2189 1585 2228; x_wconf 88' lang='lat' dir='ltr'>erat</span> <span class='ocrx_word' id='word_1_252' title='bbox 1623 2183 1804 2245; x_wconf 84' lang='grc' dir='ltr'><em>χοίρους</em></span> 
     </span>
     <span class='ocr_line' id='line_1_31' title="bbox 311 2251 1807 2308; baseline 0 -13"><span class='ocrx_word' id='word_1_253' title='bbox 311 2251 683 2308; x_wconf 81' lang='grc' dir='ltr'><em>καταβάλλοντες,</em></span> <span class='ocrx_word' id='word_1_254' title='bbox 726 2266 821 2295; x_wconf 90' lang='lat' dir='ltr'>cum</span> <span class='ocrx_word' id='word_1_255' title='bbox 850 2265 985 2295; x_wconf 89' lang='lat' dir='ltr'>sermo</span> <span class='ocrx_word' id='word_1_256' title='bbox 1021 2252 1076 2295; x_wconf 92' lang='lat' dir='ltr'>sit</span> <span class='ocrx_word' id='word_1_257' title='bbox 1108 2251 1160 2295; x_wconf 92' lang='lat' dir='ltr'>de</span> <span class='ocrx_word' id='word_1_258' title='bbox 1191 2251 1476 2295; x_wconf 87' lang='lat' dir='ltr'>subterraneis</span> <span class='ocrx_word' id='word_1_259' title='bbox 1516 2251 1720 2304; x_wconf 85' lang='lat' dir='ltr'>cavernis,</span> <span class='ocrx_word' id='word_1_260' title='bbox 1761 2253 1807 2295; x_wconf 92' lang='lat' dir='ltr'>in</span> 
     </span>
     <span class='ocr_line' id='line_1_32' title="bbox 310 2318 1805 2375; baseline 0.001 -13"><span class='ocrx_word' id='word_1_261' title='bbox 310 2334 414 2375; x_wconf 91' lang='lat' dir='ltr'>quas</span> <span class='ocrx_word' id='word_1_262' title='bbox 450 2333 599 2374; x_wconf 88' lang='lat' dir='ltr'>porcos</span> <span class='ocrx_word' id='word_1_263' title='bbox 638 2318 923 2362; x_wconf 89' lang='lat' dir='ltr'>demerserint.</span> <span class='ocrx_word' id='word_1_264' title='bbox 996 2318 1078 2362; x_wconf 86' lang='lat' dir='ltr'>Sed</span> <span class='ocrx_word' id='word_1_265' title='bbox 1116 2322 1230 2362; x_wconf 89' lang='lat' dir='ltr'>totus</span> <span class='ocrx_word' id='word_1_266' title='bbox 1265 2319 1347 2362; x_wconf 91' lang='lat' dir='ltr'>iste</span> <span class='ocrx_word' id='word_1_267' title='bbox 1385 2319 1500 2362; x_wconf 90' lang='lat' dir='ltr'>locus</span> <span class='ocrx_word' id='word_1_268' title='bbox 1537 2334 1591 2363; x_wconf 91' lang='lat' dir='ltr'>ne</span> <span class='ocrx_word' id='word_1_269' title='bbox 1619 2319 1805 2363; x_wconf 90' lang='lat' dir='ltr'>Lobecki</span> 
     </span>
     <span class='ocr_line' id='line_1_33' title="bbox 309 2387 1800 2444; baseline 0.001 -12"><span class='ocrx_word' id='word_1_270' title='bbox 309 2389 477 2444; x_wconf 88' lang='lat' dir='ltr'>quidem</span> <span class='ocrx_word' id='word_1_271' title='bbox 507 2389 737 2443; x_wconf 89' lang='lat' dir='ltr'>suspitione</span> <span class='ocrx_word' id='word_1_272' title='bbox 765 2392 1014 2443; x_wconf 87' lang='lat' dir='ltr'>persanatus</span> <span class='ocrx_word' id='word_1_273' title='bbox 1045 2387 1221 2431; x_wconf 82' lang='lat' dir='ltr'>videtur.</span> <span class='ocrx_word' id='word_1_274' title='bbox 1289 2388 1341 2430; x_wconf 91' lang='lat' dir='ltr'>In</span> <span class='ocrx_word' id='word_1_275' title='bbox 1369 2388 1455 2431; x_wconf 91' lang='lat' dir='ltr'>alia</span> <span class='ocrx_word' id='word_1_276' title='bbox 1485 2402 1610 2432; x_wconf 89' lang='lat' dir='ltr'>causa</span> <span class='ocrx_word' id='word_1_277' title='bbox 1638 2389 1800 2433; x_wconf 90' lang='lat' dir='ltr'>Plutar-</span> 
     </span>
     <span class='ocr_line' id='line_1_34' title="bbox 308 2458 1803 2518; baseline 0.002 -16"><span class='ocrx_word' id='word_1_278' title='bbox 308 2461 410 2503; x_wconf 86' lang='lat' dir='ltr'>chus</span> <span class='ocrx_word' id='word_1_279' title='bbox 439 2459 490 2503; x_wconf 90' lang='lat' dir='ltr'>de</span> <span class='ocrx_word' id='word_1_280' title='bbox 522 2459 752 2514; x_wconf 79' lang='lat' dir='ltr'>vulpeculis</span> <span class='ocrx_word' id='word_1_281' title='bbox 778 2474 804 2502; x_wconf 90' lang='lat' dir='ltr'>a</span> <span class='ocrx_word' id='word_1_282' title='bbox 832 2459 1025 2503; x_wconf 88' lang='lat' dir='ltr'>barbaris</span> <span class='ocrx_word' id='word_1_283' title='bbox 1054 2459 1100 2501; x_wconf 89' lang='lat' dir='ltr'>in</span> <span class='ocrx_word' id='word_1_284' title='bbox 1131 2458 1279 2502; x_wconf 87' lang='lat' dir='ltr'>fluvios</span> <span class='ocrx_word' id='word_1_285' title='bbox 1304 2460 1545 2514; x_wconf 86' lang='lat' dir='ltr'>praemissis</span> <span class='ocrx_word' id='word_1_286' title='bbox 1572 2460 1628 2503; x_wconf 89' lang='lat' dir='ltr'>ad</span> <span class='ocrx_word' id='word_1_287' title='bbox 1651 2461 1803 2518; x_wconf 88' lang='lat' dir='ltr'>glaciei</span> 
     </span>
     <span class='ocr_line' id='line_1_35' title="bbox 307 2525 1800 2587; baseline 0.003 -19"><span class='ocrx_word' id='word_1_288' title='bbox 307 2525 625 2569; x_wconf 87' lang='lat' dir='ltr'>crassitudinem</span> <span class='ocrx_word' id='word_1_289' title='bbox 643 2525 927 2582; x_wconf 89' lang='lat' dir='ltr'>indagandam</span> <span class='ocrx_word' id='word_1_290' title='bbox 945 2526 1162 2580; x_wconf 85' lang='lat' dir='ltr'>usurpavit</span> <span class='ocrx_word' id='word_1_291' title='bbox 1184 2525 1457 2584; x_wconf 85' lang='grc' dir='ltr'><em>προβάλλειν</em></span> <span class='ocrx_word' id='word_1_292' title='bbox 1477 2527 1529 2571; x_wconf 91' lang='lat' dir='ltr'>de</span> <span class='ocrx_word' id='word_1_293' title='bbox 1548 2528 1687 2583; x_wconf 88' lang='lat' dir='ltr'>primo</span> <span class='ocrx_word' id='word_1_294' title='bbox 1707 2530 1800 2587; x_wconf 88' lang='lat' dir='ltr'>frig.</span> 
     </span>
     <span class='ocr_line' id='line_1_36' title="bbox 308 2594 1804 2657; baseline 0.004 -19"><span class='ocrx_word' id='word_1_295' title='bbox 308 2609 346 2650; x_wconf 90' lang='lat' dir='ltr'>p.</span> <span class='ocrx_word' id='word_1_296' title='bbox 377 2600 458 2639; x_wconf 85' lang='lat'>949</span> <span class='ocrx_word' id='word_1_297' title='bbox 479 2596 507 2638; x_wconf 93' lang='lat' dir='ltr'>d</span> <span class='ocrx_word' id='word_1_298' title='bbox 539 2594 649 2639; x_wconf 77' lang='grc' dir='ltr'><em>ὅθεν</em></span> <span class='ocrx_word' id='word_1_299' title='bbox 678 2594 720 2639; x_wconf 77' lang='grc' dir='ltr'><em>οἱ</em></span> <span class='ocrx_word' id='word_1_300' title='bbox 749 2595 974 2656; x_wconf 90' lang='grc' dir='ltr'><em>βάρβαροι</em></span> <span class='ocrx_word' id='word_1_301' title='bbox 1005 2596 1289 2652; x_wconf 82' lang='grc' dir='ltr'><em>διαβαίνουσι</em></span> <span class='ocrx_word' id='word_1_302' title='bbox 1326 2596 1459 2655; x_wconf 74' lang='grc' dir='ltr'><em>πεζῇ,</em></span> <span class='ocrx_word' id='word_1_303' title='bbox 1501 2598 1804 2657; x_wconf 76' lang='grc' dir='ltr'><em>προβαλόντες</em></span> 
     </span>
     <span class='ocr_line' id='line_1_37' title="bbox 309 2661 1802 2729; baseline 0.004 -22"><span class='ocrx_word' id='word_1_304' title='bbox 309 2661 546 2715; x_wconf 76' lang='grc' dir='ltr'><em>ἀλώπεκας</em></span> <span class='ocrx_word' id='word_1_305' title='bbox 578 2665 681 2717; x_wconf 87' lang='grc' dir='ltr'><em>κτλ.,</em></span> <span class='ocrx_word' id='word_1_306' title='bbox 713 2665 866 2721; x_wconf 89' lang='lat' dir='ltr'>quibus</span> <span class='ocrx_word' id='word_1_307' title='bbox 896 2665 1062 2708; x_wconf 87' lang='lat' dir='ltr'>confero</span> <span class='ocrx_word' id='word_1_308' title='bbox 1091 2665 1208 2708; x_wconf 86' lang='lat' dir='ltr'>Paus.</span> <span class='ocrx_word' id='word_1_309' title='bbox 1230 2665 1309 2717; x_wconf 90' lang='lat' dir='ltr'>IX,</span> <span class='ocrx_word' id='word_1_310' title='bbox 1341 2667 1383 2718; x_wconf 87' lang='lat'>8,</span> <span class='ocrx_word' id='word_1_311' title='bbox 1418 2671 1436 2710; x_wconf 94' lang='lat'>1</span> <span class='ocrx_word' id='word_1_312' title='bbox 1471 2665 1515 2718; x_wconf 76' lang='grc' dir='ltr'>ἐς</span> <span class='ocrx_word' id='word_1_313' title='bbox 1542 2666 1598 2710; x_wconf 84' lang='grc' dir='ltr'><em>τὰ</em></span> <span class='ocrx_word' id='word_1_314' title='bbox 1627 2668 1802 2729; x_wconf 79' lang='grc' dir='ltr'><em>μέγαρα</em></span> 
     </span>
     <span class='ocr_line' id='line_1_38' title="bbox 308 2726 1295 2791; baseline 0.002 -17"><span class='ocrx_word' id='word_1_315' title='bbox 308 2731 554 2786; x_wconf 85' lang='grc' dir='ltr'><em>καλούμενα</em></span> <span class='ocrx_word' id='word_1_316' title='bbox 597 2729 839 2791; x_wconf 74' lang='grc' dir='ltr'><em>ἀφιᾶσιν</em></span> <span class='ocrx_word' id='word_1_317' title='bbox 878 2726 939 2785; x_wconf 83' lang='grc' dir='ltr'>ὗς</span> <span class='ocrx_word' id='word_1_318' title='bbox 973 2736 1060 2777; x_wconf 77' lang='grc' dir='ltr'><em>τῶν</em></span> <span class='ocrx_word' id='word_1_319' title='bbox 1097 2736 1295 2790; x_wconf 77' lang='grc' dir='ltr'><em>νεογνῶν.</em></span> 
     </span>
    </p>

    <p class='ocr_par' dir='ltr' id='par_1_5' title="bbox 308 2797 1801 2932">
     <span class='ocr_line' id='line_1_39' title="bbox 418 2797 1799 2865; baseline 0.004 -22"><span class='ocrx_word' id='word_1_320' title='bbox 418 2801 469 2843; x_wconf 90' lang='lat' dir='ltr'>In</span> <span class='ocrx_word' id='word_1_321' title='bbox 499 2801 643 2846; x_wconf 87' lang='lat' dir='ltr'>eadem</span> <span class='ocrx_word' id='word_1_322' title='bbox 671 2803 826 2846; x_wconf 87' lang='lat' dir='ltr'>vicinia</span> <span class='ocrx_word' id='word_1_323' title='bbox 864 2803 969 2847; x_wconf 85' lang='lat' dir='ltr'>haec</span> <span class='ocrx_word' id='word_1_324' title='bbox 1009 2804 1207 2860; x_wconf 88' lang='lat' dir='ltr'>leguntur</span> <span class='ocrx_word' id='word_1_325' title='bbox 1246 2803 1324 2862; x_wconf 77' lang='grc' dir='ltr'><em>τὴν</em></span> <span class='ocrx_word' id='word_1_326' title='bbox 1364 2805 1412 2848; x_wconf 73' lang='grc' dir='ltr'>δὲ</span> <span class='ocrx_word' id='word_1_327' title='bbox 1451 2797 1502 2848; x_wconf 76' lang='grc' dir='ltr'>ὗν</span> <span class='ocrx_word' id='word_1_328' title='bbox 1541 2801 1799 2865; x_wconf 75' lang='grc' dir='ltr'><em>ἀποχρη-</em></span> 
     </span>
     <span class='ocr_line' id='line_1_40' title="bbox 308 2869 1801 2932; baseline 0.005 -21"><span class='ocrx_word' id='word_1_329' title='bbox 308 2870 518 2926; x_wconf 81' lang='grc' dir='ltr'><em>στῆσαι</em></span> <span class='ocrx_word' id='word_1_330' title='bbox 559 2869 633 2912; x_wconf 84' lang='grc' dir='ltr'><em>καὶ</em></span> <span class='ocrx_word' id='word_1_331' title='bbox 669 2873 891 2925; x_wconf 76' lang='grc' dir='ltr'><em>τιμᾶσθαι</em></span> <span class='ocrx_word' id='word_1_332' title='bbox 943 2871 1145 2930; x_wconf 79' lang='grc' dir='ltr'><em>λέγουσι·</em></span> <span class='ocrx_word' id='word_1_333' title='bbox 1192 2870 1345 2931; x_wconf 81' lang='grc' dir='ltr'><em>πρώτη</em></span> <span class='ocrx_word' id='word_1_334' title='bbox 1384 2871 1468 2932; x_wconf 80' lang='grc' dir='ltr'>γὰρ</span> <span class='ocrx_word' id='word_1_335' title='bbox 1509 2871 1699 2928; x_wconf 86' lang='grc' dir='ltr'><em>σχίσασα</em></span> <span class='ocrx_word' id='word_1_336' title='bbox 1737 2877 1801 2932; x_wconf 75' lang='grc' dir='ltr'><em>τῷ</em></span> 
     </span>
    </p>
   </div>
  </div>
 </body>
</html>
