1962 3314
953 119 1231 162 ,82-

371 230 675 287 gravissimum,
708 228 820 284 quod
848 242 942 271 cum
972 228 1017 270 in
1046 227 1247 282 proximis
1276 227 1510 281 praefracte
1549 231 1676 284 neget
1703 227 1848 282 aliqua

363 317 503 345 rerum
542 299 799 355 proprietate
835 298 1176 355 gravissimarum
1215 297 1309 340 tolli
1348 299 1702 350 communionem,
1744 311 1840 341 con-

359 372 581 415 sectarium
606 373 670 413 est
697 370 899 412 amasiam
929 384 960 413 s.
986 367 1207 422 psaltriam
1235 382 1320 410 non
1347 368 1532 422 potuisse
1551 368 1635 412 dici
1663 368 1710 410 in
1737 381 1846 410 com-

353 454 521 483 munem
558 436 680 481 usum
719 438 948 481 amicorum
986 436 1040 478 ad
1084 450 1231 478 cenam
1268 435 1504 479 adhibitam
1541 436 1687 487 fuisse,
1719 435 1848 477 11111110

351 509 395 550 111
424 507 678 550 contrariam
706 506 811 548 haec
839 508 1005 559 partem
1034 503 1175 546 efferri
1204 504 1435 558 oportebat.
1462 504 1580 556 Quod
1609 518 1704 547 011111
1732 506 1846 546 recte

350 576 593 619 iamdudum
630 575 894 630 intellegeret
929 573 1145 624 ReiskiUS,
1188 573 1365 616 eximius
1401 574 1543 626 homo,
1574 573 1845 617 Plutarchum

350 646 513 689 dedisse
550 645 820 688 existimabat
859 640 909 686 οὗ
941 643 1067 685 κοινὰ
1108 645 1246 685 ταῦτα
1289 644 1443 700 φίλων.
1505 644 1587 687 Sed
1614 645 1839 699 inportune

350 717 537 771 lepidum
563 716 668 758 mihi
696 716 777 758 hoc
805 714 970 757 videtur
999 716 1042 755 et
1062 712 1148 755 alia
1177 713 1316 766 potius
1344 713 1590 768 temptanda
1619 713 1838 763 medicina,

353 799 436 840 qua
473 784 640 838 planior
678 783 903 827 verborum
947 781 1200 823 constructio
1241 785 1284 824 et
1323 783 1533 825 sententia
1582 782 1841 828 restituatur.

348 852 500 895 Verbis
531 852 643 894 enim
667 851 822 894 leniter
839 849 1012 892 mutatis
1030 848 1301 892 Plutarchum
1328 851 1390 893 ita
1409 851 1623 906 scripsisse
1651 851 1838 905 suspicor

348 916 460 963 ἀλλ’
492 916 602 963 ofid’
634 915 663 961 ἃ
674 936 696 961 ν
727 917 946 977 ἐρωμένην
974 933 1041 967 τις
1067 911 1095 973 ἢ
1118 915 1341 976 ψάλτριαν
1370 915 1453 976 ἥκῃ
1480 915 1682 974 κομίζων,
1716 918 1842 960 κοινὰ

347 992 484 1034 ταῦτα
516 987 682 1047 φίλων,
722 987 900 1031 ἵνατό
932 983 1071 1042 ὁμοῦ
1103 985 1287 1030 πάντα
1321 985 1576 1047 χρήματα
1616 985 1843 1046 γίνηται

348 1053 463 1105 κατὰ
500 1061 576 1105 τὸν
600 1058 900 1118 Ἀναξαγόραν
939 1059 980 1103 h.
1011 1074 1044 1101 e.
1081 1061 1148 1101 sed
1183 1075 1229 1102 ne
1264 1065 1348 1102 tum
1385 1062 1538 1115 quidem
1574 1061 1720 1115 quando
1754 1063 1843 1115 quis

345 1136 530 1175 amasiam
559 1134 616 1174 veZ
644 1133 856 1186 psaltriam
886 1133 927 1171 in
957 1144 1084 1171 cenam
1113 1131 1343 1181 adduxerit,
1383 1132 1475 1172 haec
1502 1133 1717 1172 communia
1751 1132 1841 1171 sant

344 1208 566 1254 amicorum,
600 1205 643 1243 ut
671 1215 747 1243 usu
776 1203 900 1242 veniat
929 1200 1032 1240 alud
1059 1200 1314 1255 Anaxayorae
1341 1215 1467 1241 omnes
1497 1214 1559 1241 res
1589 1212 1712 1241 unum
1728 1198 1837 1251 fieri.

346 1273 550 1316 Librariis
589 1271 792 1314 articulus
822 1268 872 1311 τό
903 1268 1095 1311 fraudem
1133 1268 1253 1320 fecit,
1294 1283 1418 1324 quem
1455 1283 1550 1311 011111
1585 1281 1841 1322 concoquere

350 1357 432 1385 non
463 1344 643 1396 possent,
670 1339 954 1394 depravarunt
979 1337 1024 1379 in
1047 1335 1114 1388 τά,
1138 1351 1188 1379 ac
1208 1336 1339 1379 multo
1360 1335 1509 1390 opinor
1537 1335 1701 1378 facilior
1731 1329 1844 1387 ὁμοῦ

345 1412 534 1454 adverbii
558 1413 654 1465 post
684 1409 733 1451 τό
765 1410 856 1451 erat
884 1406 1112 1461 omissio.*)

456 1481 596 1523 Minus
622 1479 795 1529 lubrica,
824 1480 873 1519 111
901 1476 955 1519 ad
982 1475 1223 1518 institutum
1252 1488 1485 1517 sermonem
1513 1477 1710 1524 revertar,
1740 1486 1834 1527 sup·
1896 1504 1898 1507 -

343 1554 451 1607 petit
469 1550 665 1595 medendi
683 1550 761 1601 via,
790 1549 946 1603 quippe
977 1547 1156 1590 aliorum
1179 1546 1365 1588 locorum
1394 1545 1692 1599 conparatione
1711 1558 1830 1598 prae-

343 1624 591 1672 monstrata,
622 1619 751 1662 veluti
778 1618 824 1660 in
852 1618 933 1660 hoc
961 1617 1027 1658 III
1058 1621 1095 1668 5,
1124 1620 1149 1660 2
1181 1630 1220 1671 p.
1243 1616 1362 1660 652b
1393 1617 1553 1668 ταῦτα,
1585 1610 1782 1672 εἶπεν**)
1812 1610 1836 1657 ὁ

351 1692 552 1750 Φλῶρος,
599 1684 800 1747 ἄντικρυς
840 1685 902 1739 εἷς
940 1686 1015 1730 τὸν
1052 1684 1273 1745 Πύρρωνα
1313 1685 1386 1729 διὰ
1426 1689 1505 1728 τοῦ
1532 1684 1837 1745 Πρωταγόρου

345 1762 473 1820 φέρει
495 1757 621 1818 ἡμᾶς.
667 1759 717 1801 111
739 1759 806 1801 his
829 1757 1186 1800 evidentissimum
1206 1759 1269 1798 est
1292 1752 1404 1812 ἡμᾶς
1433 1755 1579 1797 deberi
1605 1754 1762 1806 scribis,
1791 1755 1836 1796 in

343 1828 423 1870 hoc
453 1841 604 1883 genere
638 1824 975 1879 interpolationis
1013 1823 1126 1865 ultra
1162 1822 1332 1865 modum
1366 1821 1597 1864 luxuriatis.
1656 1821 1833 1865 Eodem-

344 1911 425 1951 que
454 1895 577 1937 modo
604 1894 828 1936 Plutarcho
855 1891 1148 1947 opitulandum
1176 1891 1222 1934 in
1248 1890 1434 1934 eiusdem
1463 1891 1719 1946 quaestionis
1747 1891 1838 1934 loco

341 1976 381 2016 p.
424 1961 547 2005 652d
590 1958 632 2002 οὶ
669 1959 717 2002 δὲ
762 1957 963 2009 πίνοντες
1003 1956 1144 2001 πολὺν
1189 1953 1381 2016 ἄκρατον
1420 1955 1686 2018 ἀμβλύτεροι
1726 1958 1840 2018 πρὸς

341 2030 421 2082 τὰς
450 2028 684 2081 συνουσίας
714 2027 811 2081 εἶσί,
844 2027 918 2071 καὶ
948 2028 1208 2086 σπείρουσιν
1231 2023 1367 2071 οὐθὲν
1393 2023 1455 2079 εἰς
1477 2027 1644 2085 γένεσιν
1665 2025 1838 2088 ἰσχυρὸν

430 2167 467 2208 *)
494 2166 659 2202 Similiter
682 2169 871 2202 titubarunt
897 2168 1024 2203 librarii
1052 2169 1145 2212 apud
1168 2167 1369 2218 Nemesium
1394 2179 1427 2211 p.
1450 2169 1515 2201 340
1526 2167 1584 2211 M.‚
1610 2168 1670 2203 ubi
1695 2170 1730 2202 in
1756 2169 1836 2204 cod.

340 2225 460 2259 Dresd.
490 2227 503 2258 1
536 2227 571 2259 in
596 2227 712 2260 verbis
738 2222 858 2261 πάντα
882 2227 920 2261 δὲ
947 2220 993 2271 ἧν
1018 2226 1162 2270 ἀληθῶς
1190 2224 1287 2272 ὁμοῦ
1312 2223 1484 2274 χρήματα
1522 2227 1592 2261 duo
1616 2231 1793 2271 postrema
1816 2239 1836 2262 a

340 2297 443 2320 manu
469 2289 597 2320 recenti
622 2289 749 2320 inserta
775 2291 864 2321 sunt.

431 2343 488 2388 *³¹⁶1
516 2345 636 2379 Utrum
662 2347 788 2380 rectius
814 2346 983 2381 scribatur
1009 2344 1104 2379 ταῦτ’
1137 2340 1239 2380 εἶπεν
1265 2356 1308 2379 an
1332 2347 1443 2379 ταῦτα
1469 2342 1571 2381 εἶπεν
1595 2351 1629 2381 et
1656 2347 1693 2381 id
1719 2358 1830 2391 genus

341 2406 420 2448 alia,
445 2411 547 2449 prout
571 2417 662 2440 nune
689 2411 742 2440 est
767 2417 835 2449 res,
860 2406 962 2450 plane
992 2406 1230 2449 inconpertum
1255 2409 1308 2439 est
1335 2407 1425 2449 apud
1446 2406 1676 2442 Plutarchum.
1710 2407 1835 2450 Quam-

340 2476 441 2508 quam
458 2468 490 2499 in
513 2477 589 2499 eam
612 2468 724 2509 magis
755 2467 882 2500 inclino
909 2468 1112 2500 sententiam
1132 2470 1167 2499 ut
1191 2466 1352 2508 vocales,
1379 2476 1469 2509 quae
1491 2467 1749 2509 pronuntiando
1774 2467 1835 2501 eli—

342 2525 520 2568 debantur,
546 2527 579 2557 in
600 2525 785 2571 archetypo
804 2525 978 2560 Plutarchi
1002 2525 1123 2559 litteris
1142 2525 1282 2568 saepius
1300 2535 1482 2568 expressas
1502 2526 1613 2560 fuisse
1628 2527 1834 2569 existimem,

339 2592 442 2625 quam
470 2584 630 2618 omissas.
666 2584 837 2619 Videntur
860 2589 976 2618 autem
1004 2584 1123 2618 Graeci
1152 2584 1218 2627 ipsi
1243 2585 1278 2617 in
1305 2583 1374 2618 hoc
1404 2595 1532 2628 genere
1556 2584 1642 2618 nihil
1666 2584 1834 2620 habuisse

340 2642 443 2674 fixum
469 2646 502 2674 et
528 2642 719 2685 definitum,
749 2643 812 2676 sed
837 2643 882 2676 ad
905 2653 1007 2676 suum
1033 2652 1207 2686 quemque
1233 2641 1408 2693 arbitrium
1433 2653 1511 2677 cum
1537 2653 1674 2676 summa
1697 2642 1835 2678 licentia

337 2702 442 2734 modo
477 2701 546 2735 hoc
577 2703 683 2736 modo
723 2703 809 2736 illud
842 2707 1076 2747 praeoptasse.
1149 2703 1247 2744 Quod
1285 2705 1499 2737 monendum
1541 2704 1621 2738 duxi
1654 2703 1829 2747 Hirschigi

338 2767 453 2801 causa,
482 2767 585 2800 quem
611 2760 754 2793 nimium
789 2760 902 2793 fuisse
932 2761 966 2793 in
993 2759 1107 2792 hiatus
1131 2760 1286 2793 terminis
1312 2760 1367 2793 vel
1401 2760 1605 2793 coercendis
1634 2758 1690 2793 vel
1713 2759 1828 2803 prola-

334 2817 448 2850 tandis
473 2828 564 2851 nunc
593 2819 734 2860 quidem
760 2820 927 2853 constare*
943 2823 1026 2863 puto
1056 2819 1134 2862 (cfr.
1152 2817 1483 2853 Buechsenschuetz
1507 2819 1542 2852 in
1560 2817 1684 2852 Philol.
1705 2816 1828 2860 xvm,
1851 2853 1855 2857 .

336 2879 355 2910 2
381 2888 415 2921 p.
441 2879 536 2917 281).
