1962 3314
906 163 1184 205 ...35-

415 271 465 314 In
495 270 642 314 eodem
661 270 798 325 capite
820 285 860 325 p.
880 274 961 315 6-53
974 285 996 313 c
1023 274 1248 325 postquam
1273 273 1614 316 commemoravit
1630 271 1793 315 nullum

303 339 472 382 omnino
499 338 551 382 de
581 353 626 381 re
657 351 836 381 venerea
860 352 936 392 per
966 352 1113 380 cenam
1142 336 1437 391 disputationis
1466 340 1579 383 inter
1608 338 1792 382 seniores

303 412 347 451 et
373 409 543 450 iuvenes
568 407 707 449 locum
738 421 844 459 esse,
875 406 1062 449 indicata
1089 410 1184 460 post
1213 403 1306 460 οὐχι
1333 407 1503 461 lacuna,
1542 410 1647 452 haec
1673 407 1789 451 dein-

301 489 399 530 ceps
427 479 678 530 sequuntur:
720 473 834 533 πρὸς
862 475 1001 517 ταῦτα
1041 470 1080 515 οἱ
1111 474 1190 528 μὲν
1229 473 1304 516 τὸν
1343 476 1609 534 Ξενοφῶντα
1648 474 1790 533 παρέ-

301 546 453 601 λαβον,
485 541 556 597 ὥς
586 542 873 601 ἀπάγοντα
899 543 1025 594 τοὺς
1061 543 1360 597 συμπότας
1396 544 1537 600 μετὰ
1566 546 1794 590 δεῖπνον

302 612 418 671 οὐχι
446 649 456 659 .
484 651 492 659 .
522 651 531 659 .
579 614 661 674 ἐφ’
702 614 894 659 ἵππων
926 614 1017 658 ἐπὶ
1049 613 1360 666 συνουσίας
1399 616 1541 674 πρὸς
1572 615 1670 667 τὰς
1698 631 1794 673 yv-

301 756 439 797 Quaest.
471 754 546 789 Nat.
582 754 623 786 19
652 763 687 797 p.
713 753 779 786 916
797 763 817 785 e
850 749 937 799 ὅταν
966 752 1068 798 δείσῃ
1101 753 1150 795 τῷ
1180 749 1361 797 πνεύματι.
1392 749 1628 798 τρεπόμενος.
1689 752 1795 787 Mani-

300 812 428 846 festum
457 816 510 845 est
534 809 688 844 Psellum
717 810 860 843 dedisse
885 808 986 853 ιέέρι
1014 805 1317 856 τρεπόμενος.
1376 818 1380 820 ’

390 873 474 916 Pag.
503 873 544 906 18
569 873 605 905 in
629 871 709 905 loco
733 870 905 905 Plutarchi
933 874 1064 913 quaest.
1100 874 1206 905 natur.
1234 870 1276 904 22
1303 881 1335 914 p.
1361 872 1460 905 9176
1493 872 1615 905 iniuria
1646 871 1795 906 fortasse

298 924 481 966 sollicitavi
510 931 615 965 verba
638 933 759 965 πέττει.
781 931 820 964 δὲ
847 927 1019 963 κάλλιστα
1045 927 1090 962 τὰ
1118 930 1367 974 διαπνέον,
1391 932 1485 974 quod
1512 931 1633 966 nescio
1657 941 1700 964 an
1723 941 1793 966 non

300 991 386 1024 tueri
412 991 515 1023 liceat
537 989 697 1033 exemplo
724 988 910 1023 Clementis
937 989 1029 1024 Alex.
1059 988 1165 1024 Paed.
1191 989 1202 1022 l
1229 1000 1261 1032 p.
1291 990 1374 1033 122,
1406 991 1448 1024 45
1482 988 1574 1024 ἀλλὰ
1606 987 1793 1036 μεταβάλ-

296 1052 419 1088 λοντες
444 1049 493 1092 (οἱ
516 1052 663 1095 μαστοί)
689 1045 754 1090 τὴν
779 1045 922 1093 τροφὴν
948 1048 987 1082 ἒν
1013 1048 1154 1087 ἑαυτοῖς
1177 1045 1387 1093 ἐργάζονται
1423 1044 1519 1093 γάλα
1545 1049 1607 1082 καὶ
1631 1048 1789 1082 διαπνέ-

299 1118 403 1142 ουσιν
428 1107 450 1141 i.
468 1118 498 1141 e.
522 1107 578 1139 lac
602 1107 634 1139 in
660 1119 697 1139 se
722 1107 807 1149 ipsis
832 1107 986 1148 efficiunt
1009 1114 1040 1140 et
1064 1107 1231 1141 exhalant.

392 1168 474 1211 Pag.
502 1168 544 1201 22
570 1168 603 1200 in
630 1166 773 1200 Scholio
801 1165 885 1202 Cod.
914 1167 1054 1202 Fames.
1089 1168 1179 1211 apud
1213 1167 1403 1203 stobaeum
1437 1168 1583 1202 Heereni
1607 1179 1640 1212 p.
1668 1170 1748 1211 461,
1775 1170 1795 1202 5

300 1227 346 1258 de
361 1228 476 1269 etymo
505 1224 655 1257 nominis
676 1222 918 1265 Achaeorum,
943 1233 1135 1266 perperam,
1161 1224 1231 1256 veri
1257 1225 1375 1267 specie
1401 1224 1591 1267 deeeptus,
1617 1224 1723 1258 verba
1741 1225 1791 1256 vi-

297 1281 388 1313 tiosa
421 1276 475 1313 ὅτι
501 1277 594 1324 μετὰ
624 1276 824 1325 κυμβάλων
862 1275 1070 1324 ἠχοῦσαν
1103 1280 1149 1313 ita
1173 1281 1304 1313 correxi
1328 1283 1365 1313 ut
1390 1281 1577 1314 scriberem
1609 1277 1663 1315 ὅτι.
1692 1294 1734 1327 μ.
1760 1293 1792 1315 κ.

296 1335 387 1381 ’ἤχου
420 1337 526 1370 ἰοῦσα
564 1345 644 1369 cum
679 1339 833 1378 apertum
869 1336 912 1368 sit
952 1335 1061 1368 luisse
1094 1336 1176 1369 olim
1219 1333 1269 1369 ὅτι
1301 1334 1394 1379 μετὰ
1428 1333 1628 1383 κυμβόλων
1660 1335 1795 1381 ἠχοῦσα

297 1396 355 1431 cfr.
391 1396 528 1430 Preller.
566 1395 700 1429 Griech.
735 1395 843 1440 Mylh.
879 1399 889 1428 l
923 1406 956 1439 p.
995 1396 1071 1430 596.
1110 1401 1143 1429 et
1183 1396 1269 1431 Plut.
1300 1395 1386 1430 Mor.
1418 1406 1452 1439 p.
1486 1396 1597 1439 378e,
1632 1400 1668 1430 ut
1699 1395 1793 1431 aliud

293 1465 401 1496 agens
440 1455 598 1489 iniuriam
633 1464 746 1498 paene
776 1455 918 1488 fecerim
951 1454 1131 1498 Heereno,
1171 1455 1346 1498 siquidem
1384 1453 1560 1501 ἠχοῦσαν
1591 1455 1676 1490 nihil
1709 1466 1790 1489 esse

294 1511 454 1545 videatur
476 1511 542 1544 nisi
568 1509 727 1554 sphalma
749 1510 969 1556 typographi.
1718 1538 1720 1540 .

385 1570 469 1614 Pag.
495 1570 550 1605 23.
598 1569 732 1603 Locum
750 1568 871 1616 Symp.
890 1569 949 1613 vl,
975 1571 1009 1610 8.
1028 1570 1048 1604 2
1072 1580 1105 1613 p.
1119 1570 1221 1604 694d
1248 1571 1310 1604 καὶ
1326 1567 1437 1614 κτήνη
1460 1567 1619 1618 μάλιστα
1640 1567 1792 1606 πάντων

295 1629 489 1675 ἐδωδίμων
517 1624 797 1674 ἀναρρώννυσιν
828 1622 951 1674 ἄρτος,
988 1624 1078 1662 ὥστε
1110 1624 1181 1662 κᾶν
1206 1624 1397 1672 ἐλάχιστον
1421 1624 1655 1674 ἐμφάγωσιν,
1679 1626 1790 1667 εὐθὺς

294 1690 456 1723 ἵστανται
485 1689 546 1722 καὶ
569 1687 774 1732 βαδίζουσι,
810 1686 953 1730 paulum
984 1687 1084 1722 abest
1114 1687 1195 1731 quin
1229 1698 1433 1731 expressum
1462 1687 1577 1722 dicam
1601 1698 1643 1722 ex
1671 1686 1788 1722 Xeno-

293 1746 434 1790 phontis
453 1747 562 1781 Anah.
586 1745 644 1788 Ν,
664 1746 698 1788 5,
725 1747 744 1779 8
764 1746 809 1778 de
834 1746 956 1778 eadem
974 1756 1009 1778 re
1033 1746 1253 1780 disserentis:
1278 1741 1350 1780 κίίν
1363 1759 1396 1780 τι
1420 1743 1604 1792 φάγωσιν,
1625 1743 1787 1791 ἀναστή-

293 1812 420 1837 σονται
440 1821 476 1826 ·—
496 1799 621 1845 ἐπειδὴ
647 1800 679 1836 ‹5‘
699 1798 918 1849 ἐμφάγοιεν,
944 1800 1138 1836 ἀνίσταντο
1164 1804 1225 1836 καὶ
1248 1799 1481 1849 ἐπορεύοντο.
1532 1801 1692 1837 Ceterum
1709 1813 1787 1846 per-

291 1872 410 1905 peram
435 1863 572 1902 ἰῶνται,
599 1861 693 1904 quod
720 1862 754 1895 in
781 1861 965 1896 codicibus
991 1865 1043 1894 est
1066 1871 1128 1904 pro
1153 1861 1327 1905 ἵστανται,
1353 1864 1472 1904 utpote
1496 1860 1639 1895 soloece
1656 1861 1788 1895 dictum

292 1922 528 1956 reiectaneum
559 1921 645 1955 mihi
682 1921 882 1963 videbatur,
917 1921 1056 1963 quando
1089 1922 1172 1954 item
1205 1922 1345 1964 passive
1375 1925 1560 1965 usurpatur
1583 1920 1703 1967 Symp.
1729 1920 1787 1963 ΙΙΙ,

294 1982 347 2022 10,
373 1981 392 2013 3
409 1991 443 2024 p.
462 1981 528 2015 659
539 1981 572 2016 d.
619 1981 739 2024 ltaque
765 1981 831 2013 nisi
848 1979 1045 2022 Xenophon
1071 1982 1106 2014 et
1122 1979 1258 2013 Psellus
1278 1983 1491 2023 praestarent
1512 1981 1692 2024 ἵστανται,
1717 1978 1787 2013 hoc

294 2044 385 2074 certe
413 2041 555 2073 nomine
579 2040 663 2073 satis
691 2043 804 2074 tutum
832 2043 927 2072 esset
950 2040 1088 2073 ἰῶνται.

380 2095 464 2139 Pag.
489 2095 544 2130 37.
595 2100 630 2128 in
651 2096 721 2129 vita
745 2095 870 2128 Anton.
898 2095 939 2127 77
965 2098 999 2127 et
1024 2096 1136 2129 Artax.
1162 2104 1192 2129 c.
1217 2095 1237 2126 5
1277 2093 1430 2128 Sintenis
1455 2094 1566 2127 edidit
1589 2096 1698 2128 ταῖν
1715 2105 1784 2139 χε-

288 2156 389 2200 ροῖν,
425 2153 644 2196 eandemque
669 2153 816 2186 sormam
853 2151 1048 2186 obtinuisse
1080 2151 1184 2185 video
1217 2151 1308 2194 apud
1341 2149 1554 2184 Clementem
1586 2148 1712 2184 Strom.
1742 2149 1784 2184 Vl

287 2220 321 2253 p.
348 2210 426 2247 761,
451 2208 471 2240 9
496 2207 644 2255 ἀμφοῖν
673 2212 755 2243 ταῖν
778 2205 980 2252 &mavimam
1011 2207 1170 2250 aliosque
1201 2209 1386 2251 scriptores
1419 2217 1559 2249 sacros,
1602 2217 1672 2241 non
1709 2216 1783 2240 raro

288 2273 403 2302 tamen
426 2269 471 2301 ad
498 2269 726 2311 antiquiorem
756 2268 923 2311 relapsos.
973 2267 1074 2310 Apud
1099 2266 1287 2312 Byzantios
1313 2267 1528 2310 frequentius
1549 2269 1641 2309 ταῖν,
1678 2266 1782 2301 veluti

287 2330 481 2376 Theophyl.
511 2331 560 2373 ll,
594 2331 634 2365 18
659 2341 693 2374 p.
723 2331 800 2372 107,
827 2329 867 2362 13
903 2329 993 2363 conl.
1020 2329 1241 2362 Boissonade
1273 2329 1405 2363 Anecd.
1436 2327 1554 2363 Graec.
1584 2329 1612 2362 ll
1635 2339 1668 2374 p.
1695 2330 1783 2371 233;

286 2390 332 2422 ita
351 2390 453 2423 etiam
470 2390 560 2434 apud
588 2389 799 2424 Theodorei.
817 2389 862 2422 de
886 2389 1021 2432 provid.
1041 2400 1089 2424 or.
1101 2388 1147 2422 vl
1165 2399 1198 2432 p.
1218 2388 1283 2421 579
1295 2388 1386 2423 med.
1403 2387 1514 2423 habes
1542 2393 1625 2424 ταῖν
1646 2392 1784 2436 χεροῖν.

287 2448 359 2482 Sed
389 2451 433 2483 de
461 2450 518 2484 his
547 2451 791 2494 similibusque
816 2451 920 2485 rebus
947 2450 1036 2484 alius
1065 2450 1127 2484 erit
1152 2450 1292 2484 dicendi
1316 2450 1429 2485 locus.

378 2508 461 2550 Pag.
488 2508 542 2542 41.
593 2509 646 2541 Ad
672 2518 714 2541 ea
739 2517 828 2551 quae
858 2507 1039 2541 Plutarcho
1064 2507 1282 2541 reddidimus
1314 2507 1348 2541 in
1380 2509 1469 2542 Mor.
1494 2517 1527 2551 p.
1554 2508 1629 2541 770
1664 2502 1711 2541 ἄν
1746 2518 1783 2541 τε

282 2563 413 2611 γάμος,
441 2562 495 2600 ι’ἱν
521 2578 564 2600 τε
590 2568 733 2605 πλοῦς
756 2579 823 2605 τις
855 2568 939 2610 (pro
964 2565 1058 2609 volg.
1085 2562 1133 2600 ι’έν
1156 2577 1192 2600 τε
1218 2565 1401 2607 πλοῦτος)
1436 2561 1491 2600 ἄν
1520 2577 1564 2599 τι·
1599 2566 1781 2611 φιλοτι-

284 2625 362 2667 μία
395 2624 480 2667 (pro
504 2624 595 2667 volg.
635 2620 684 2660 ι’έν
715 2637 751 2660 τε
777 2626 882 2671 φιλία
916 2626 988 2664 τις)
1028 2625 1087 2659 cfr.
1124 2623 1210 2659 Mor.
1245 2634 1279 2667 p.
1306 2623 1406 2657 4080
1440 2625 1472 2657 εἴ
1504 2626 1708 2670 γαμητέον,
1743 2625 1783 2657 εἰ

283 2682 565 2718 πλευστέον,
597 2684 628 2716 εἲ
651 2684 863 2717 δανειστέον
890 2686 923 2716 et
947 2693 981 2726 p.
1009 2683 1082 2715 620
1108 2684 1169 2716 καὶ
1192 2680 1285 2729 πρὸς
1314 2680 1404 2716 ὁδὸν
1428 2680 1448 2725 ἢ
1477 2684 1591 2716 [ιλοῦ
1603 2695 1623 2716 ν
1650 2678 1673 2726 ἦ
1697 2695 1776 2716 τινα

283 2739 418 2782 πρᾶξιν
442 2744 475 2772 et
503 2740 547 2771 de
575 2742 850 2787 ''timrjada-‘iar
877 2746 943 2775 etc.
970 2739 1081 2774 Cobet
1102 2739 1229 2775 Mnem.
1260 2741 1346 2774 1860
1371 2751 1404 2784 p.
1430 2740 1508 2775 397.

375 2796 509 2839 Pag.42
537 2795 628 2831 οὕτω
654 2797 804 2844 μακρὰν
828 2801 886 2833 καὶ
915 2802 1300 2845 συμπεπηγυῖαν,
1317 2799 1411 2841 quod
1439 2801 1520 2842 quin
1547 2804 1639 2833 reete
1657 2809 1678 2832 e
1697 2800 1776 2834 cod.

278 2854 427 2888 lectione
457 2860 728 2901 συμβεβηκυῖαν
765 2859 914 2891 eruerim
947 2858 1004 2891 vix
1029 2858 1258 2892 dubitandum
1296 2863 1349 2892 est
1375 2863 1517 2902 propter
1540 2860 1660 2905 Symp.
1686 2858 1778 2902 vul,

278 2914 333 2956 10,
353 2914 372 2946 2
386 2924 419 2957 p.
438 2915 534 2947 715e
557 2917 672 2960 φύσιν
688 2917 830 2961 ἔχοντες
849 2917 889 2952 ἐν
908 2918 957 2961 τῷ
973 2913 1108 2963 νήφειν
1122 2915 1374 2963 ἀτολμοτέραν
1401 2920 1462 2951 καὶ
1486 2920 1726 2963 πεπηγυῖα
1737 2930 1771 2954 ν.
