1962 3314
905 98 1188 167 -66-

479 236 576 278 Mox
604 234 766 278 undare
795 235 884 278 foro
914 239 1060 278 viotrioe
1086 238 1280 291 opulentia
1304 238 1471 292 linquae,

479 305 704 359 Tutarique
731 319 836 349 reos.

311 375 374 417 De
404 377 542 417 cetero
581 375 617 417 si
654 375 747 430 quis
791 389 942 429 operae
980 374 1125 426 ducat,
1163 375 1275 417 haud
1312 376 1454 430 inepte
1485 375 1735 430 conparabit
1762 374 1801 418 S.

313 445 596 500 Ghrysostomi
624 445 753 488 verba
781 445 835 488 ad
867 459 961 499 pop.
987 445 1178 489 Antioeh.
1213 428 1253 499 p.
1280 449 1378 497 332,
1411 449 1464 489 22
1495 444 1595 488 ἐπεὶ
1624 440 1698 487 οὖν
1730 443 1804 487 καὶ

312 507 437 569 ἡμεῖς
475 509 656 568 χρυσίον
697 509 867 568 ἕψομεν
907 509 1000 554 άπὸ
1036 514 1120 554 τῶν
1157 508 1386 566 μετάλλων
1425 507 1680 567 ἀνελόμενοι
1718 513 1805 554 τῶν

319 579 652 633 ἅποστολικῶν,
695 578 773 624 οὐκ
809 580 871 633 εἰς
901 580 1193 639 χωνευτήριον
1234 579 1548 636 ἐμβάλλοντες,
1586 578 1702 625 ἀλλ’
1742 578 1805 632 εἷς

311 648 386 706 τὴν
418 646 619 691 διάνοιαν
649 652 724 706 τῆς
753 645 969 707 ὑμετέρας
995 650 1140 706 ψυχῆς
1169 648 1411 701 καθιέντες.
1465 650 1605 704 Ipsam
1633 649 1811 705 quidem‘

310 718 562 761 locutionem
589 719 778 769 πλοῦτος
799 715 931 774 λόγου
959 719 1138 772 praeivit
1155 719 1275 762 Plato
1295 720 1530 775 Euthyphr.
1545 734 1586 775 p.
1602 724 1707 772 12a,
1730 720 1803 763 ubi

310 789 441 832 habes
470 790 641 846 τρυφᾷς
668 785 756 831 ὑπὸ
790 788 985 831 πλούτου
1015 791 1090 846 τῆς
1122 787 1309 847 σοφίας,
1352 805 1531 845 quocum
1571 804 1800 845 conparan-

310 859 409 901 dum
436 855 601 915 σοφίας
622 858 852 915 θησαυρός
867 860 912 900 in
938 859 1314 916 Phileb.p.15e*)‚
1344 861 1456 916 quod
1473 862 1518 904 in
1538 875 1659 904 usum
1682 875 1803 904 suum

311 927 515 970 convertit
543 926 665 968 simia
704 926 890 969 Platonis
926 927 1215 971 Aristaenetus
1241 928 1272 980 I,
1310 934 1327 972 1
1361 929 1413 972 de
1441 930 1661 973 meretrice
1694 943 1802 984 quae

309 999 464 1041 dicitur
491 999 704 1055 τρυφῶσα
735 993 822 1039 ὑπὸ
851 995 1045 1040 πλούτου
1075 1001 1150 1056 τῆς
1189 994 1473 1057 εὐπρεπείας.
1552 999 1639 1043 Neo
1678 999 1802 1054 plane

311 1068 464 1111 diversi
494 1070 591 1110 sunt
609 1067 773 1122 generis
793 1067 897 1109 haec
917 1068 1030 1121 apud
1049 1068 1247 1112 Tbemist.
1263 1082 1302 1122 p.
1326 1071 1408 1112 233
1421 1083 1443 1111 c
1473 1065 1574 1127 ἡμῖν
1595 1095 1651 1102 -
1668 1066 1801 1127 ἄναγ-

310 1142 434 1182 καῖον
465 1137 633 1194 ἐγένετο
663 1134 914 1193 φείσασθαι
943 1139 1042 1180 τοῦ
1080 1134 1359 1195 πλήθους·
1398 1132 1498 1181 οὔτε
1539 1137 1621 1197 γὰρ
1652 1135 1676 1182 ὁ
1712 1155 1802 1182 πα-

312 1207 402 1267 ρών
431 1206 585 1265 καιρὸς
614 1203 823 1258 ἐνεδίδου,
866 1207 1104 1266 ταχυτέραν
1135 1204 1336 1272 ἀπαιτῶν
1365 1204 1393 1267 ἢ
1420 1209 1698 1268 μακροτέραν
1727 1209 1803 1267 τὴν

310 1275 542 1337 εὐφημίαν,
566 1278 601 1319 si
621 1276 743 1319 modo
767 1277 942 1334 πλῆθος
955 1281 1069 1321 recte
1095 1278 1358 1334 intellegitur
1376 1278 1428 1321 de
1450 1279 1653 1322 sermonis
1668 1279 1798 1322 abun-

312 1348 478 1398 dantia,
506 1361 553 1389 ao
575 1361 657 1388 non
689 1346 847 1400 potius,
878 1361 960 1402 quo
989 1348 1124 1404 magis
1153 1347 1414 1403 propendere
1437 1347 1603 1391 videtur
1625 1348 1728 1393 Geel
1747 1348 1802 1392 ad

310 1419 432 1462 Dion.
455 1417 596 1472 Chrys.
617 1430 657 1470 p.
674 1418 739 1467 84,
761 1415 812 1458 de
833 1417 1071 1460 auditorum
1096 1417 1343 1472 frequentia,
1374 1432 1628 1474 quamquam
1658 1415 1799 1474 λόγων

310 1485 453 1545 σωρός
480 1486 534 1529 ad
563 1486 698 1528 instar
729 1485 930 1540 ποταμὸς
960 1484 1166 1544 ῥημάτων
1202 1487 1267 1530 vel
1297 1488 1372 1529 νοῦ
1402 1486 1655 1545 σταλαγμός
1694 1487 1802 1530 dixit

308 1557 436 1599 etiam
465 1555 611 1600 Liban.
641 1555 744 1599 decl.
783 1555 855 1599 IV.
884 1570 923 1609 p.
960 1559 1048 1608 139,
1080 1561 1104 1600 9
1136 1557 1208 1599 alii
1239 1560 1282 1600 et
1310 1553 1516 1614 ὃρμαθὸς
1545 1559 1629 1601 τῶν
1659 1555 1800 1615 λόγων

307 1627 503 1670 Themist.
543 1641 601 1671 or.
646 1626 811 1678 XXIII,
851 1629 932 1670 288
952 1627 979 1670 b
1020 1627 1173 1684 (quode
1205 1643 1254 1671 ao
1293 1628 1499 1672 similibus
1538 1629 1799 1684 quibusdam,

308 1695 458 1750 quibus
489 1693 722 1736 addiderim
754 1693 899 1752 φρέαρ
932 1690 1130 1753 ἀποριῶν
1159 1696 1272 1751 apud
1301 1697 1468 1740 Annam
1496 1712 1536 1752 p.
1568 1701 1669 1750 261,
1700 1701 1726 1742 6
1756 1702 1800 1742 et

310 1763 503 1818 πέλαγος
531 1761 809 1818 διηγημάτων
829 1776 868 1816 p.
885 1765 978 1814 264,
1013 1767 1072 1815 15,
1099 1763 1316 1807 adnotavit
1333 1765 1501 1813 Lobeck
1528 1765 1573 1807 in
1594 1765 1797 1821 Aglaoph.

308 1846 346 1886 p.
379 1835 460 1875 643
486 1830 580 1885 [d]).
647 1830 792 1885 Neque
820 1845 990 1884 prorsus
1030 1832 1170 1875 aliena
1199 1833 1363 1888 Eunapi
1393 1848 1431 1888 p.
1467 1839 1565 1886 105,
1605 1835 1678 1878 ubi
1706 1835 1797 1878 Ori-

309 1903 448 1945 basius
487 1904 684 1943 narratur
713 1898 858 1954 ,μόνον
897 1897 1051 1943 ἑαυτὸν
1078 1898 1185 1955 ἔχων
1216 1897 1312 1945 ἀντὶ
1353 1901 1499 1958 πάσης
1536 1901 1691 1955 οὐσίας
1727 1904 1801 1948 καὶ

307 1972 380 2015 τὸν
419 1968 509 2014 ἀπὸ
549 1973 657 2014 τῶν
705 1967 917 2028 ἀρετῶν
967 1970 1221 2014 πλοῦτον
1263 1970 1638 2027 ἐπιδεικνύμενος,
1692 1988 1799 2030 quae

309 2040 454 2083 eodem
484 2038 607 2081 modo
633 2038 827 2092 copulata
854 2038 1051 2093 leguntur
1079 2038 1192 2092 apud
1231 2037 1269 2081 S.
1310 2038 1649 2094 Chrysostomum
1686 2038 1797 2086 hom.

305 2112 349 2152 in
386 2110 549 2163 Ioseph.
583 2123 623 2162 p.
659 2113 778 2151 117a
803 2108 848 2149 F.
892 2106 1130 2166 πριάμενοι
1173 2106 1248 2150 τὸν
1279 2108 1471 2151 πλοῦτον
1502 2111 1585 2152 τῶν
1616 2105 1793 2168 ἀρετῶν,

306 2181 509 2235 producta
537 2194 587 2222 ea
612 2179 698 2221 iam
715 2193 741 2221 a
763 2177 1034 2220 Boissonadio
1056 2177 1110 2219 ad
1129 2176 1280 2220 Athen.
1304 2176 1535 2233 Schweigh.
1557 2178 1670 2221 Tom.
1692 2178 1798 2222 VIII

308 2265 347 2304 p.
370 2253 450 2293 466
467 2263 526 2304 sq.
557 2251 599 2290 et
627 2247 682 2290 ad
706 2247 958 2291 Aristaenet.
989 2246 1020 2297 Ι,
1056 2251 1074 2289 1
1107 2260 1147 2300 p.
1178 2249 1260 2290 238
1290 2261 1350 2302 sq.
1407 2247 1597 2291 Eandem
1612 2246 1795 2291 'locutio-

311 2337 406 2365 nem
435 2320 606 2375 plurimi
635 2322 682 2361 ut
701 2333 779 2372 par
799 2322 890 2361 erat
917 2318 1190 2372 deperierunt
1215 2318 1439 2371 scriptores
1467 2318 1584 2370 sacri,
1611 2320 1797 2362 omnium

308 2390 486 2432 maxime
514 2387 815 2438 Theodoretus,
856 2401 878 2429 e
909 2400 990 2441 quo
1020 2387 1121 2428 satis
1148 2389 1211 2427 est
1250 2386 1413 2428 enotari
1456 2387 1648 2438 πλοῦτος
1679 2403 1798 2446 παρ-

308 2460 480 2511 θενίας,
525 2459 635 2514 quod
674 2458 836 2500 homini
871 2457 1065 2512 theologo
1106 2455 1225 2498 audit
1260 2459 1483 2508 caelibatus,
1522 2460 1565 2499 et
1605 2458 1797 2508 πλοῦτος

309 2526 482 2585 ἁγνείας
522 2529 686 2583 aliaque
717 2527 872 2570 similia
899 2526 1042 2568 multa.

421 2599 583 2641 Tertius
611 2598 726 2640 locus
755 2611 957 2652 perquam
981 2595 1275 2647 memorabilis,
1305 2595 1356 2636 de
1377 2608 1459 2649 quo
1477 2608 1563 2636 non
1587 2594 1796 2637 inutiliter

310 2665 560 2720 disputaturi
582 2666 703 2708 nobis
725 2679 812 2708 esse
834 2664 1033 2715 videmur,
1056 2663 1254 2718 quoniam
1275 2661 1460 2704 nondum
1480 2662 1541 2704 ita
1561 2664 1792 2716 pertracta-
1817 2723 1832 2741 ·

400 2817 434 2859 ²¹¹²)
459 2817 567 2851 Nimis
593 2827 695 2860 grave
716 2817 851 2850 videtur
874 2815 970 2858 quod
996 2811 1106 2849 Cobet
1132 2813 1259 2851 Mnem.
1289 2814 1375 2847 1860
1392 2824 1424 2857 p.
1442 2813 1508 2846 370
1526 2813 1660 2847 Platoni
1684 2812 1793 2856 Soph.

308 2887 341 2922 p.
361 2877 457 2909 222a
477 2875 670 2908 redditurus
696 2879 767 2908 erat
791 2870 950 2908 πλούτου
973 2874 1034 2907 καὶ
1057 2869 1223 2916 νεότητος
1245 2871 1388 2920 ἑτέρους
1411 2865 1457 2905 αὖ
1475 2884 1574 2911 τινας
1596 2868 1793 2917 ποταμοί-ς.
