1962 3314
906 167 1183 207 „54-

307 273 526 317 hauserint
559 272 729 326 pocula,
771 271 845 315 ubi
885 272 1016 315 animi
1056 272 1244 316 adfectus
1282 275 1377 329 plus
1411 275 1521 318 iusto
1561 276 1808 330 perturbati,

306 342 485 386 mirifica
509 341 642 396 ipsius
671 340 758 382 vini
784 341 826 383 vi
854 340 1087 384 identidem
1116 342 1273 396 sumpti
1294 343 1448 385 sensim
1468 343 1805 399 defervescant*)

307 413 478 467 potique
501 411 553 454 ab
577 410 782 453 ebrietate
804 414 1114 454 consanescant.
1174 411 1530 462 Quemadmodum
1550 414 1621 469 qui
1644 414 1802 468 sopori·

307 484 398 527 fera
438 485 611 536 epotant
653 481 766 523 infra
806 483 963 524 iustum
1003 481 1239 534 modulum,
1281 483 1562 527 turbulentius
1604 485 1808 527 concitari

308 554 462 604 solent,
494 567 621 607 quam
651 551 722 606 qui
752 551 910 607 largius
940 552 1000 596 eis
1028 553 1092 594 uti
1121 553 1355 596 iubeantur.
1414 554 1523 606 Quid
1548 555 1594 597 in
1622 555 1689 598 his
1718 555 1808 598 veri

308 625 378 675 sit,
420 637 542 666 nemo
581 623 730 677 opinor
770 623 986 678 ignorabit
1023 624 1261 679 quicunque
1289 638 1486 678 procaces
1517 628 1599 668 τῶν
1631 622 1806 669 ὑποπε-

309 687 524 734 πωκότων
547 691 743 743 expertus
773 689 902 731 fuerit
921 704 1059 732 mores
1079 693 1205 744 atque
1232 690 1436 742 licentias,
1464 695 1506 734 et
1525 692 1659 747 magis
1679 692 1807 734 etiam

306 762 513 813 patescet,
544 773 638 801 cum
661 759 973 812 conparaveris,
1004 759 1117 814 quod
1141 760 1382 819 Propertius
1411 762 1563 804 cecinit
1591 761 1644 804 de
1671 764 1805 817 linqua

308 828 469 868 adsiduo
496 842 598 868 mero
626 828 777 880 sepulta
806 841 967 878 eorum,
1001 828 1085 882 qui,
1114 831 1162 870 ut
1190 828 1329 882 lepide
1358 830 1559 873 indicavit
1587 831 1738 874 Athen.
1766 831 1804 874 V

306 909 344 949 p.
384 897 510 938 180a
556 896 769 937 τοσοῦτον
815 892 1018 937 πίνουσιν
1063 892 1176 938 ὥστε
1211 897 1324 954 μηδὲ
1364 903 1457 950 τοῖς
1496 897 1629 951 ἰδίοις
1674 898 1806 943 ποσὶν

306 962 536 1006 ἵστασθαι.
579 964 715 1018 Atque
737 964 821 1007 hoc.
845 965 1016 1019 quidem
1038 965 1125 1007 vini
1154 966 1403 1009 miraculum
1427 983 1573 1023 reapse
1595 970 1807 1013 veteribus

306 1048 390 1076 non
418 1035 608 1090 ignotum
637 1049 772 1090 neque
795 1035 1063 1090 inexpertum
1090 1036 1217 1080 fuisse
1235 1071 1244 1089 ,
1275 1040 1477 1081 testatum
1507 1039 1609 1082 facit
1637 1044 1808 1094 praeter

307 1103 569 1145 notissimum
598 1102 702 1144 illud
735 1100 838 1160 οἴνῳ
866 1102 939 1146 τὸν
966 1098 1084 1146 οἶνον
1111 1104 1179 1148 vel
1209 1104 1436 1163 κραιπάλῃ
1459 1104 1533 1163 τὴν
1555 1105 1808 1166 κραιπάλην

309 1170 552 1223 ἐξελαύνειν
573 1172 695 1227 (Plut.
716 1172 819 1214 Mor.
843 1186 881 1226 p.
905 1175 983 1216 127
995 1173 1113 1231 f.)**)
1144 1173 1258 1216 idem
1280 1173 1523 1218 Athenaeus
1544 1175 1609 1218 III
1627 1190 1667 1231 p.
1693 1180 1806 1221 109e

308 1240 519 1300 καθάπερ
557 1237 872 1300 ἀνανήφειν
905 1241 1122 1294 πολλάκις
1159 1241 1325 1300 γίνεται
1355 1244 1449 1287 τὸν
1483 1243 1800 1298 μεθύοντα,

308 1311 381 1355 τὸν
412 1308 545 1354 αὐτὸν
574 1309 743 1371 τρόπον
773 1309 876 1355 vind
906 1314 999 1369 τῆς
1029 1309 1232 1370 ἡδονῆς
1264 1309 1505 1372 ἀναπεινῆν
1534 1313 1702 1373 γίνεται
1727 1317 1803 1359 τὸν

307 1380 533 1433 ἐσθίοντα,
566 1397 821 1438 quamquam
847 1383 921 1425 illo
951 1382 1041 1426 loco
1070 1384 1310 1438 discrepans
1339 1386 1572 1439 paullulum
1598 1401 1624 1429 a
1642 1387 1803 1442 Protea,

307 1453 379 1508 qui
407 1454 452 1495 in
482 1454 669 1495 convivio
702 1453 852 1496 Carani
884 1455 1138 1498 exclamasse
1167 1455 1344 1497 dicitur:

523 1540 545 1564 ο
580 1524 766 1566 πλεῖστα
800 1522 938 1566 πίνων
973 1525 1161 1567 πλεῖστα
1192 1521 1592 1583 κευφρανθησεται.

419 1593 509 1635 Iam
538 1593 575 1635 si
604 1593 709 1635 haec
739 1593 801 1635 ita
828 1596 877 1635 ut
901 1593 989 1635 dixi
1016 1594 1315 1648 interpretare,
1345 1610 1429 1637 non
1449 1595 1569 1639 video
1598 1597 1804 1652 quomodo

306 1671 420 1710 recte
451 1671 562 1710 stare
594 1665 827 1722 potuerint:
870 1666 1010 1718 πολυς
1040 1666 1122 1726 γὰρ
1155 1665 1368 1710 εἷσελθων
1400 1663 1565 1725 (οἶνος)
1597 1686 1645 1712 το
1675 1672 1802 1723 σιῦι-ια

307 1738 689 1790 συνεξέκαυσε
738 1737 812 1781 καὶ
853 1736 1136 1782 κατανάλωσε
1187 1737 1236 1780 τὸ
1275 1739 1493 1794 μανιῶδες
1537 1741 1611 1797 τῆς
1649 1742 1800 1799 ψυχῆς.

306 1810 413 1852 Nam
457 1811 559 1865 quid
612 1809 784 1853 tandem
822 1813 884 1852 est
921 1810 1017 1861 hoc,
1070 1810 1105 1852 si
1153 1810 1332 1852 multum
1372 1810 1592 1854 hauriatur
1629 1827 1801 1874 merum,

306 1896 390 1924 una
428 1896 522 1923 cum
552 1881 739 1935 corporis
767 1880 1096 1924 inflammatione
1126 1881 1256 1924 animi
1294 1881 1479 1924 furorem
1519 1882 1687 1926 sedari?
1745 1883 1801 1926 Et

306 1949 514 2004 quomodo
542 1949 647 1992 haec
673 1951 908 2004 congruunt
943 1963 1036 1990 cum
1077 1948 1137 1991 eis
1173 1962 1280 2003 quae
1310 1948 1499 2002 proxime
1529 1953 1800 2002 promuntur:

305 2017 455 2077 ὥσπερ
487 2017 511 2077 ἢ
546 2017 776 2077 θρηνῳδία
807 2017 882 2062 καὶ
922 2014 944 2061 ὃ
977 2017 1232 2076 ἐπικήδειος
1264 2015 1398 2069 αὐλὸς
1428 2017 1473 2061 ἐν
1504 2014 1617 2077 ἀρχῇ
1648 2016 1801 2071 πάθος

307 2091 418 2130 κινεῖ
443 2087 517 2131 καὶ
549 2086 738 2146 δάκρυον
770 2084 997 2142 ἐκβάλλει,
1043 2085 1253 2146 προάγων
1291 2087 1339 2131 δὲ
1368 2087 1444 2144 τὴν
1475 2088 1617 2146 ψυχὴν
1644 2086 1706 2141 εἷς
1735 2084 1801 2133 οἷ-

396 2285 431 2325 a)
457 2285 553 2322 cons.
584 2288 734 2322 Macrob.
761 2288 896 2323 Saturn.
923 2288 1003 2330 VH,
1041 2291 1073 2330 7,
1111 2290 1169 2323 17:
1209 2291 1311 2324 Addo
1344 2291 1458 2333 aliud,
1493 2291 1635 2325 naturali
1670 2294 1800 2328 ratione

305 2344 456 2377 ebrietati
485 2344 705 2378 dulcedinem
741 2355 950 2388 repugnare,
985 2346 1073 2378 adeo
1101 2350 1137 2378 ut
1163 2346 1290 2380 medici
1316 2358 1379 2380 eos
1406 2348 1464 2390 qui
1495 2358 1606 2391 usque
1639 2349 1682 2382 ad
1707 2350 1797 2393 peri-

306 2403 423 2435 culum
450 2404 693 2437 distenduntur
709 2406 791 2438 vino
815 2404 964 2447 plurimo
991 2409 1117 2446 cogant
1143 2415 1302 2440 vomere:
1331 2410 1364 2439 et
1388 2410 1469 2449 post
1485 2407 1653 2441 vomitum
1680 2413 1798 2442 eontra

304 2461 438 2495 fumum
469 2463 539 2495 vini
565 2464 624 2505 qui
652 2463 812 2497 remansit
836 2463 871 2496 in
899 2465 997 2497 venis
1023 2474 1149 2506 panem
1177 2464 1326 2498 offerunt
1359 2465 1462 2498 melle
1498 2466 1652 2510 inlitum,
1685 2471 1719 2501 et
1751 2468 1798 2502 ita

303 2517 482 2553 hominem
509 2521 551 2555 ab
578 2522 752 2555 ebrietatis
777 2521 868 2555 malo
893 2521 1043 2555 dulcedo
1070 2522 1234 2556 defendit.

395 2576 453 2620 W)
472 2579 570 2620 Quod
591 2582 785 2615 nasutiores
804 2581 1005 2615 nostratium
1025 2585 1186 2624 potores,
1209 2582 1336 2624 quibus
1359 2584 1498 2616 maiores
1516 2585 1650 2619 haurire
1667 2587 1798 2621 trientes

305 2650 367 2671 non
391 2647 440 2671 est
463 2640 590 2681 pudor,
616 2640 819 2683 pei-volgato
848 2641 1008 2674 acumine
1037 2641 1156 2674 dicunt
1185 2641 1275 2683 pilos
1307 2643 1442 2675 caninos
1466 2655 1568 2686 super
1599 2646 1797 2679 stomachum

304 2696 475 2737 inponere,
502 2697 640 2737 quando
666 2696 848 2730 hesternae
874 2698 1127 2740 conpotationis
1152 2696 1366 2731 exhalandae
1389 2709 1495 2733 causa
1520 2711 1631 2736 novos
1657 2707 1798 2738 sumunt

305 2753 449 2798 cyathos
485 2763 564 2786 cum
594 2755 831 2799 salsamentis,
870 2756 1167 2822 quemadmodum
1202 2757 1236 2790 in
1269 2756 1390 2791 varani
1427 2760 1594 2804 synposio
1628 2762 1796 2796 convivae

303 2809 526 2853 perhibentur
548 2816 689 2854 potasse
714 2811 753 2847 εἰ
754 2815 898 2861 ιιιιριῦς,
925 2810 1047 2861 ὥσπερ
1073 2811 1323 2849 ἀντίδοτον
1345 2815 1384 2849 ἐκ
1406 2817 1466 2860 τῆς
1483 2819 1662 2864 ποοτέοας
1678 2816 1795 2853 ἀκοα-

303 2871 476 2906 τοποσίας
510 2866 759 2914 λαμβάνοντες
789 2872 882 2915 apud
910 2871 1031 2906 Athen.
1060 2872 1106 2905 lv
1129 2883 1161 2916 p.
1192 2873 1307 2915 1300,
1341 2875 1435 2917 quod
1462 2875 1545 2910 alias
1570 2876 1694 2912 dieitur
1720 2875 1794 2925 ἥλῳ

301 2927 391 2974 ἡλον
418 2927 455 2968 ἐξ
456 2932 569 2964 ω’)εἴν
598 2934 633 2963 ut
658 2931 747 2973 apud
773 2930 929 2966 Eustath.
955 2932 990 2966 in
1014 2933 1179 2967 Ananiam
1206 2936 1270 2968 etc.
1298 2937 1464 2981 martyras
1486 2946 1520 2979 p.
1548 2937 1603 2980 52,
1633 2939 1684 2974 12.
