1962 3314
894 91 1201 132 —102—

403 197 750 241 Emendationem
777 197 893 241 locus
923 198 1058 252 poscit
1098 197 1426 253 haudquaquam
1467 198 1706 248 difficilem,
1735 196 1790 241 ab

288 267 391 321 ipsis
411 265 623 308 codicibus
645 269 1025 319 praemonstratam
1047 265 1180 317 lib.V,
1203 270 1228 309 2
1246 280 1286 320 p.
1304 270 1385 310 675
1399 267 1425 310 b
1453 267 1527 311 καὶ
1549 267 1678 310 τοῦτο
1699 265 1792 319 μὲν,

292 335 416 394 ἔφην,
449 335 498 378 τὸ
531 331 796 391 ἀνάγνωσμα
827 335 1077 392 (Acesandri
1107 349 1211 390 opus
1242 335 1346 393 περὶ
1375 334 1577 394 Λιβύης)
1599 337 1684 378 τῶν
1716 329 1794 377 οὐκ

298 405 342 448 ἐν
371 405 493 461 μέσῳ
524 401 620 447 ἐστί
649 403 739 459 (cfr.
761 418 800 458 p.
822 407 905 460 84),
938 407 1032 455 τοῖς
1061 404 1110 448 δὲ
1139 404 1412 459 Πολέμωνος
1444 407 1525 448 τοῦ
1547 401 1795 462 Ἀθηναίου

296 471 400 531 περὶ
436 473 522 515 τῶν
561 471 606 515 ἐν
642 473 843 531 Δελφοῖς
881 474 1123 531 θησαυρῶν
1165 468 1292 528 οἶμαι
1331 471 1400 517 ὅτι
1441 474 1628 526 πολλοῖς
1669 469 1788 528 ὑμῶν

294 542 563 600 ἐντυγχάνειν
605 543 813 599 ἐπιμελές
862 543 974 597 ἐστι,
1011 543 1097 587 ,καὶ
1144 543 1224 603 χρὴ
1278 546 1572 599 πολυμαθοῦς
1617 542 1693 588 καὶ
1735 540 1786 588 οὐ

297 610 583 666 νυστάζοντος
629 612 674 655 ἐν
718 617 812 664 τοῖς
861 609 1129 671 Ἑλληνικοῖς
1175 611 1430 672 πράγμασιν
1475 611 1654 673 ἀνδρός·
1702 613 1795 658 ἐκεῖ

297 680 442 726 τοίνυν
469 679 675 740 εὑρήσετε
702 683 1021 741 γεγραμμένον,
1059 678 1119 734 ὠς
1149 681 1194 726 ἐν
1225 685 1288 741 τῷ
1314 683 1540 741 Σικυωνίῳ
1576 683 1794 742 θησαυρῷ

296 754 482 811 χρυσοῦν
512 749 709 795 ἀνέκειτο
741 749 917 807 βιβλίον
939 748 1260 809 Ἀριστομάχης
1283 748 1498 809 ἀνάθημα
1527 753 1623 810 τῆς
1649 747 1792 808 Ἐρυ-

302 819 508 878 θραίας
539 818 716 862 ὲπικω
746 854 755 861 .
788 853 796 861 .
832 817 1218 876 ποιηματίαις
1249 821 1364 877 (sicl)
1396 816 1582 875 ’Ἰσθμια
1617 835 1786 876 νενικη-

300 889 435 940 κυίας.
477 890 638 931 Horum
666 893 921 943 postremam
943 893 1108 943 partem
1130 905 1214 933 non
1239 895 1354 934 recte
1376 906 1402 934 a
1421 891 1593 945 nuperis
1618 889 1789 933 editori-

300 961 419 1016 bus*)
450 963 677 1003 tractatam
704 974 815 1011 esse,
844 959 1024 1014 quilibet
1052 961 1202 1014 opinor
1230 960 1539 1006 animadvertit.
1595 959 1799 1016 Neglecta

298 1029 410 1081 enim
439 1028 630 1070 codicum
659 1029 863 1072 memoria
899 1029 946 1071 in
981 1029 1061 1072 hoc
1099 1034 1267 1073 tantum
1304 1030 1651 1086 discrepantium,
1683 1028 1796 1085 quod

299 1099 343 1140 in
375 1098 509 1141 Vatic.
557 1102 599 1142 et
636 1099 765 1141 Paris.
808 1102 870 1142 est
916 1099 1208 1156 ποιημάταις,
1252 1102 1460 1145 incertum
1509 1117 1605 1145 cum
1643 1101 1797 1145 lacuna

299 1182 355 1209 an
387 1167 511 1220 plene
549 1167 771 1221 scriptum,
810 1167 856 1208 in
894 1167 1025 1210 Palat.
1073 1166 1214 1225 ἐπικῷ
1256 1165 1552 1224 ποιημάταις,
1595 1169 1720 1212 haec·
1738 1167 1801 1210 ita

300 1237 599 1291 suppleverunt
628 1232 842 1292 ἀνάθημα
873 1237 950 1292 τῆς
978 1231 1248 1294 Ἐρυθραίας
1280 1235 1591 1295 ποιητρίας
1610 1231 1797 1288 ’Ἰσθμια

304 1304 587 1362 νενικηκυίας,
620 1306 667 1349 in
696 1306 850 1361 quibus
879 1306 992 1361 quod
1022 1306 1291 1350 adsciverunt
1317 1304 1555 1364 ποιητρίας
1582 1307 1652 1350 vix
1680 1306 1798 1350 dubi·
1837 1314 1841 1317 '

302 1375 476 1417 tandum
505 1378 579 1426 est,
609 1375 712 1430 quin
739 1390 790 1418 ex
820 1375 1077 1419 correctione
1107 1376 1353 1430 interpretis
1383 1376 1523 1420 nescio
1553 1376 1671 1419 cuius
1697 1389 1792 1430 pro-

305 1446 460 1489 fectum
501 1446 555 1488 sit
584 1460 735 1499 parum
765 1445 888 1488 felici.
949 1444 1099 1488 Cetera
1143 1445 1348 1488 editiones
1385 1460 1469 1487 non
1504 1445 1684 1497 habent,
1721 1459 1799 1488 nec

306 1516 473 1558 invenio
522 1516 595 1571 qui
648 1516 753 1558 haec
797 1515 922 1558 aliter
969 1530 1021 1558 ex
1066 1515 1259 1558 codicum
1309 1515 1498 1572 vestigiis
1545 1515 1800 1561 constituere

306 1584 495 1628 voluerit.
550 1583 731 1627 Videtur
769 1587 910 1627 autem
948 1584 994 1625 ni
1026 1584 1149 1626 fallor
1190 1584 1251 1627 ita
1287 1585 1428 1638 potius
1467 1584 1582 1628 locus
1613 1582 1796 1628 redinte-

306 1650 489 1706 grandus
528 1665 617 1694 esse
646 1647 969 1710 Ἀριστομάχης
1003 1647 1218 1708 ἀνάθημα
1250 1653 1327 1709 τῆς
1371 1647 1643 1709 Ἐρυθραίας
1677 1650 1799 1695 ἐπι-

307 1722 424 1769 κοῖς
456 1735 588 1775 ποιη
597 1736 627 1773 μ
644 1716 736 1761 ατί
746 1735 832 1770 οις
860 1713 1045 1774 ’Ἰσθμια
1073 1717 1357 1776 νενικηκυίας.
1408 1719 1566 1771 Quodsi
1589 1720 1696 1764 forte
1718 1720 1804 1764 sint

305 1790 378 1845 qui
409 1787 665 1847 ποιητρίας,
711 1790 824 1845 quod
851 1794 1039 1834 vetustae
1077 1790 1284 1834 editiones
1313 1790 1535 1844 praebent,
1577 1805 1629 1834 ex
1657 1791 1799 1835 codice

306 1875 415 1901 nunc
452 1859 671 1913 deperdito
715 1864 954 1915 susceptum
998 1861 1241 1915 opinentur,
1291 1874 1368 1914 per
1406 1875 1472 1903 me
1511 1860 1620 1903 nihil
1660 1861 1801 1907 obstat

304 1931 524 1985 quominus
555 1929 736 1972 addatur
759 1934 855 1984 post
870 1927 1159 1988 Ἐρυθραίαςς
1187 1945 1442 1986 quamquam
1469 1934 1517 1986 ut
1545 1931 1799 1983 secludatur,

309 2016 394 2043 non
422 2000 731 2052 reformidabit,
762 2001 835 2056 qui
862 2001 906 2058 in
933 2001 1013 2044 hoc
1036 2016 1188 2057 genere
1218 2001 1623 2052 additamentorum,
1651 2001 1804 2056 quibus

308 2068 568 2110 intellectum
599 2068 904 2122 expeditiorem
932 2069 1070 2112 facere
1101 2069 1362 2112 conabantur
1390 2068 1559 2123 pristini
1588 2069 1803 2113 Plutarchi

308 2140 578 2192 interpretes,
618 2138 820 2181 temerius
858 2142 905 2180 ut
944 2139 1014 2181 vix
1052 2138 1238 2193 potuerit
1266 2138 1419 2193 magis,
1458 2140 1677 2191 peccatum
1715 2152 1804 2181 esse

307 2206 559 2249 recordetur.
628 2207 1001 2251 Verumenimvero
1047 2208 1148 2251 licet
1195 2203 1248 2250 de
1291 2206 1587 2250 Aristomacha
1636 2208 1802 2261 poetria

308 2275 415 2316 nihil
451 2289 622 2328 prorsus
662 2275 832 2318 aliunde
874 2275 1123 2327 innotuerit,
1172 2289 1249 2318 nec
1288 2274 1397 2317 alius
1436 2275 1617 2329 scriptor
1655 2274 1805 2318 musici

308 2345 546 2388 certaminis
587 2359 681 2387 cum
720 2346 909 2388 Isthmiis
950 2345 1164 2388 coniuncti
1205 2347 1402 2398 suppetat
1438 2345 1705 2396 memoriam,
1757 2349 1805 2389 ut

310 2413 491 2455 breviter
541 2412 744 2455 indicavit
787 2413 996 2455 Prellerus
1042 2413 1067 2454 l.
1113 2412 1163 2462 1.,
1208 2412 1449 2467 refragante
1493 2411 1803 2467 aliquantulum

310 2483 354 2525 O.
369 2483 572 2525 Muellero
593 2483 637 2524 in
650 2484 925 2526 Doriensibus
948 2483 992 2526 II
1012 2497 1052 2537 p.
1070 2485 1162 2533 375,
1197 2486 1229 2533 1,
1258 2485 1411 2534 tamen,
1441 2496 1536 2525 cum
1553 2484 1673 2524 tanta
1690 2481 1802 2524 codi-

310 2568 403 2595 cum
419 2553 501 2596 fide
517 2555 680 2597 munita
695 2555 751 2597 sit
767 2555 892 2597 huius
911 2555 974 2602 rei
994 2553 1156 2604 notitia,
1179 2567 1316 2608 neque
1335 2567 1361 2595 a
1380 2553 1470 2596 veri
1491 2552 1628 2607 specie
1650 2552 1800 2596 abhor-

308 2624 410 2672 reat,
440 2621 554 2663 haud
574 2623 715 2676 inepte
736 2623 965 2667 conieceris
992 2635 1101 2679 quae
1125 2621 1319 2665 feruntur
1342 2621 1462 2675 epica
1486 2620 1804 2665 Aristomachae

401 2757 433 2799 *)
470 2759 602 2799 Quibus
631 2760 914 2794 adnumerandus
939 2761 1042 2794 etiam
1066 2763 1119 2793 est
1141 2759 1184 2793 L.
1209 2759 1379 2792 Prellems
1406 2759 1441 2792 in
1473 2758 1660 2791 Polemonis
1690 2758 1803 2791 Perie-

306 2825 401 2859 syetae
426 2818 632 2860 Fraynaeentis
667 2823 699 2852 et
734 2821 792 2861 qui
833 2830 874 2853 ea
908 2820 1041 2863 repetiit
1076 2818 1110 2853 Ο.
1138 2818 1323 2852 Muellerus
1354 2819 1390 2852 in
1414 2819 1546 2861 Πειρη.
1580 2819 1654 2853 hn'ot.
1691 2827 1803 2861 graec.

306 2875 404 2910 Tem.
430 2876 470 2908 ιιι
496 2885 530 2918 p.
560 2875 634 2908 123.
