1962 3314
898 162 1180 204 -58-

297 271 415 316 ceris.
472 270 606 313 Multo
636 270 770 327 magis
799 271 907 314 mira
933 271 1067 314 videri
1087 271 1242 315 debent
1270 270 1331 315 τὰ
1358 270 1662 330 μιγνύμενα
1690 271 1791 313 τῶν

297 338 439 401 ὑγριῦ
446 360 483 395 ν,
513 342 664 397 quibus
692 341 874 385 laudabo
902 343 975 397 qui
998 342 1260 396 probabilem
1290 343 1543 386 sententiam
1567 340 1789 386 extuderit.

295 412 403 455 Nam
431 427 568 468 neque
597 413 632 455 si
654 427 730 467 per
757 413 1075 469 grammaticam
1103 414 1267 465 liceret,
1296 414 1492 457 humores
1518 414 1591 469 qui
1610 413 1786 456 miscen-

294 487 365 526 tur
393 487 533 527 terrae
571 487 613 527 et
642 484 805 538 pul-veri
834 485 1047 528 commode
1080 484 1163 527 dici
1199 489 1374 539 possunt
1402 488 1610 537 absorberi,
1653 498 1789 539 neque

295 552 556 607 probabilior
584 567 728 595 eorum
755 553 1050 607 interpretatio
1080 553 1264 605 videtur,
1304 554 1377 608 qui
1406 554 1602 596 humores
1631 555 1791 595 terram

294 622 589 677 pulveremque
618 625 844 679 attinyentes
870 622 1135 678 intellegunt,
1163 622 1275 678 quod
1293 637 1366 665 cur
1386 622 1543 666 dictum
1567 620 1791 665 adfirment

296 689 348 732 de
378 692 494 732 terra
522 689 588 732 vel
626 690 765 732 cinere
796 691 940 733 bibulo
971 691 1093 746 (Plin.
1123 691 1162 732 h.
1195 705 1234 732 n.
1265 690 1410 743 XVII,
1454 691 1525 748 37)
1566 688 1733 745 quando
1763 702 1790 731 a

297 754 486 802 siccitate
510 760 709 802 continua
738 760 1037 803 immaduerint
1059 760 1214 812 imbre,
1246 761 1350 802 mihi
1376 760 1545 816 quidem
1565 760 1785 812 inconper-

294 831 384 868 tum
414 829 488 869 est.
548 827 818 870 Coniectandi
848 828 883 869 si
905 828 1027 881 copia
1047 828 1182 879 datur,
1212 817 1463 871 crediderim
1482 828 1586 871 haec
1611 827 1656 869 in
1677 826 1789 870 hunc

292 897 423 940 ferme
466 897 636 939 modum
679 912 704 940 a
745 897 969 940 Plutarcho
1012 897 1180 951 prodita
1223 912 1331 941 esse:
1384 894 1536 954 ὥσπερ
1583 894 1665 948 ἔξω
1712 895 1788 951 γῆν

296 962 467 1024 ὁρῶμεν
497 965 571 1008 καὶ
598 963 716 1009 κόνιν
749 966 822 1010 καὶ
853 966 1022 1020 μᾶλλον
1059 965 1121 1009 τὰ
1154 963 1363 1022 ὗόμενα
1393 968 1479 1010 τῶν
1507 963 1649 1026 ὑγρῶν
1680 962 1787 1008 ἅνα-

294 1032 607 1090 λαλιιβάνουσαν
631 1033 693 1086 εἷς
722 1033 877 1093 ἑαυτὴν
900 1035 972 1079 καὶ
1003 1031 1317 1093 ἀφανίζουσαν.
1378 1037 1468 1080 Ηο0
1497 1039 1638 1079 autem
1665 1047 1785 1089 prae-

293 1104 399 1146 sidio
421 1104 601 1146 admisso
627 1105 837 1147 sententia
858 1105 983 1161 longe
1008 1105 1169 1159 optima
1188 1106 1367 1161 emergit
1386 1106 1510 1149 haec:
1540 1108 1631 1147 sitis
1653 1104 1789 1146 edendo

293 1176 518 1226 intenditur,
549 1177 648 1230 quod
674 1177 784 1217 cibus
813 1179 855 1217 in
883 1178 1116 1218 stomachum
1147 1177 1292 1218 inlatus
1318 1177 1492 1217 naturali
1518 1189 1590 1216 sua
1617 1175 1790 1215 siccum

293 1246 510 1294 humorem,
543 1247 656 1284 cuius
678 1239 831 1298 pusilla
859 1258 992 1298 reapse
1021 1248 1062 1285 ὑὶ
1098 1258 1250 1298 corpore
1288 1247 1394 1298 copia
1424 1247 1548 1294 extat,
1592 1238 1790 1284 undeunde

296 1313 452 1366 conliyit
479 1314 736 1366 exsiccarique,
768 1315 813 1353 ut
843 1316 884 1353 in
913 1314 1026 1353 rebus
1055 1316 1225 1354 externis
1254 1315 1395 1354 terram
1425 1315 1461 1354 et
1483 1314 1646 1353 cinerem
1674 1322 1791 1364 aquas

287 1382 446 1434 pluvias
484 1382 593 1422 avide
621 1384 662 1422 in
698 1396 739 1422 se
768 1383 938 1435 recipere
969 1385 1080 1436 atque
1109 1384 1251 1424 abolere
1280 1384 1462 1424 videmus.
1532 1381 1681 1435 Itaque
1723 1378 1785 1421 rei

293 1447 506 1490 cardinem
527 1448 685 1490 versari
711 1449 823 1491 vides
851 1449 896 1490 in
922 1449 1221 1503 conparatione
1249 1464 1389 1492 rerum
1415 1449 1518 1491 adeo
1544 1447 1785 1498 sitientium,

294 1519 342 1557 ut
371 1516 570 1570 quicquid
600 1518 822 1559 accesserit
846 1517 1049 1568 humoris,
1081 1517 1305 1559 dummodo
1335 1531 1419 1560 non
1441 1516 1635 1567 inundet,
1664 1515 1785 1578 avide

293 1587 557 1631 absorbeant.
626 1587 785 1630 Verum
828 1589 940 1630 enim
978 1602 1075 1630 vero
1107 1588 1351 1642 conparatio
1381 1587 1568 1641 corporis
1605 1586 1786 1629 sitientis

292 1672 386 1699 cum
413 1661 529 1700 terra
555 1661 596 1701 et
626 1659 765 1702 cinere
797 1659 986 1702 siccitate
1018 1659 1248 1711 exhaustis,
1278 1662 1397 1701 tanto
1429 1659 1564 1714 magis
1587 1657 1781 1712 adposita

289 1729 423 1771 videri
453 1729 628 1782 poterit,
672 1728 871 1783 quoniam
902 1732 949 1770 ut
977 1729 1107 1771 fames
1137 1729 1302 1783 corpori
1331 1729 1627 1771 alimentorum
1657 1740 1779 1780 expe·

290 1799 511 1842 tendorum
552 1798 720 1842 evidens
765 1799 908 1842 existit
949 1814 1090 1851 causa,
1135 1800 1197 1842 ita
1239 1802 1376 1842 terrae
1418 1798 1538 1842 avide
1585 1798 1784 1841 esurienti

290 1884 423 1925 aquae
460 1869 660 1912 coelestes
698 1870 817 1924 quasi
847 1870 964 1912 cibus
994 1873 1091 1912 sunt
1122 1870 1240 1923 (Plin.
1271 1870 1311 1911 h.
1339 1884 1378 1911 n.
1409 1868 1552 1920 XVII,
1588 1872 1637 1912 12
1667 1868 1784 1910 cibus

290 1941 487 1983 arborum
509 1940 682 1995 imber),
701 1955 837 1994 neque
859 1940 1010 1982 cineris
1033 1939 1371 1982 commemoratio
1393 1952 1563 1992 prorsus
1583 1937 1784 1980 abhorret

290 2026 316 2053 a
344 2014 530 2053 veterum
559 2025 605 2053 re
631 2010 800 2065 agraria
819 2009 908 2059 (cfr.
930 2010 1133 2065 Didymus
1163 2024 1227 2064 ap.
1251 2010 1379 2064 Geop.
1409 2009 1510 2059 XII,
1542 2014 1567 2053 4
1596 2004 1780 2061 βελτίων

290 2076 460 2135 κόπρος
499 2074 675 2119 πάντων
706 2082 799 2128 τοῖς
837 2074 1043 2130 λαχάνοις
1083 2077 1226 2135 τέφρα
1268 2077 1372 2119 conl.
1405 2077 1560 2119 Colum.
1598 2076 1658 2126 II,
1702 2076 1781 2128 15).

290 2149 552 2201 Quamquam
582 2143 700 2197 κόνις
729 2146 858 2188 etiam
887 2146 1135 2200 simpliciter
1164 2147 1258 2201 quis
1277 2146 1436 2189 dictum
1464 2150 1614 2201 putare
1643 2144 1776 2199 possit

291 2217 342 2259 de
373 2209 558 2270 pulvere,
589 2215 707 2258 cuius
737 2215 830 2270 quis
859 2214 986 2257 fuerit
1015 2229 1111 2256 usus
1140 2215 1185 2257 in
1216 2212 1489 2270 agricultura,
1529 2213 1726 2256 discimus
1755 2226 1782 2254 a

289 2288 496 2342 Theophr.
519 2288 559 2330 h.
579 2288 634 2341 pl.
665 2287 727 2338 II,
759 2291 795 2338 7,
821 2291 845 2329 5
874 2287 1001 2340 Geop.
1029 2287 1112 2338 III,
1147 2290 1207 2337 10,
1240 2290 1264 2329 2
1286 2286 1390 2328 Plin.
1416 2286 1457 2329 h.
1481 2300 1520 2327 n.
1547 2283 1688 2335 XVII,
1716 2287 1781 2328 49.

289 2359 380 2401 Hoc
419 2373 550 2400 unum
593 2357 829 2400 addiderim
871 2355 925 2398 τὰ
970 2352 1134 2410 ὖόμενα
1183 2357 1265 2397 τῶν
1311 2351 1448 2413 ὑγρῶν
1492 2354 1647 2408 opponi
1691 2355 1784 2404 τοῖς

292 2426 546 2487 ἕπιρρύτοις
586 2427 654 2470 vel
692 2424 914 2481 λιμναίοις
960 2425 1026 2468 vel
1062 2426 1191 2479 etiam
1232 2423 1443 2481 πηγαίοις
1480 2438 1553 2467 seu
1595 2437 1780 2481 φρεατι-

292 2497 428 2549 αιόις,
462 2512 568 2553 quae
599 2496 805 2553 quomodo
837 2497 921 2538 sint
949 2496 1132 2538 discreta
1159 2496 1204 2537 in
1232 2510 1278 2538 re
1308 2495 1466 2537 rustica
1487 2493 1705 2548 intelleges
1729 2506 1783 2534 ex

291 2569 398 2612 Plut.
428 2569 592 2618 Quaest.
622 2570 756 2610 natur.
791 2570 834 2618 2,
874 2566 948 2608 ubi
987 2580 1026 2620 p.
1061 2569 1142 2609 912
1160 2580 1185 2608 a
1214 2568 1309 2619 post
1345 2565 1430 2607 alia
1465 2564 1517 2607 ab
1556 2561 1782 2605 Aristotele

291 2633 646 2695 ψευδεπιγράφῳ
683 2635 880 2678 docemur
907 2632 975 2676 ὅτι
1007 2631 1269 2692 πρόσφατόν
1300 2632 1394 2676 ἐστι
1435 2631 1507 2675 καὶ
1538 2632 1635 2674 νέον
1664 2627 1782 2687 ὕδωρ

290 2706 350 2747 τὸ
391 2703 655 2760 ὑόμενον,
704 2705 840 2747 ἕωλον
882 2704 929 2747 δὲ
968 2703 1042 2746 καὶ
1081 2702 1275 2746 παλαιὸν
1314 2702 1365 2745 τὸ
1406 2703 1620 2757 λιμναῖον.
1698 2699 1781 2744 Sed

290 2773 413 2828 plura
433 2773 484 2815 de
515 2774 593 2816 hoc
624 2774 762 2827 capite
789 2771 966 2815 dicenda
992 2774 1098 2813 sunt.
1156 2770 1265 2812 Nam
1293 2785 1370 2814 nec
1397 2785 1502 2826 quae
1523 2772 1620 2824 post
1646 2783 1781 2824 pauca

290 2846 521 2898 sequuntur
541 2841 595 2884 τὰ
617 2842 698 2901 γὰρ
720 2838 1068 2899 ὑπόξηρότητος
1097 2835 1124 2897 ἢ
1155 2837 1226 2882 πά
1241 2843 1371 2891 :lo-vg
1398 2836 1511 2898 ἀργὰ
1533 2838 1606 2881 καὶ
1634 2837 1776 2897 βαρέα

288 2911 552 2971 μιγνύμενον
583 2911 657 2968 (τὸ
686 2909 839 2970 ὑγρόν)
872 2907 1127 2966 ἀναπέμπει
1155 2909 1230 2954 καὶ
1259 2907 1505 2967 συνεξαίρει
1533 2911 1647 2954 recte
1676 2922 1773 2963 pro-
