1962 3314
909 176 961 185 -
1025 155 1103 197 100
1164 177 1212 183 -·

315 260 479 326 ἧττον
516 264 779 310 ἑστίασιν
820 267 1177 324 παρέχουσιν
1216 258 1246 321 ἢ
1283 267 1405 316 τοῖς
1435 260 1608 308 αὐτῶν
1639 257 1812 305 ἀκού-

318 352 440 380 ουσι
483 335 574 379 καὶ
612 329 1155 390 μεταλαμβάνουσιν
1185 333 1212 378 1.
1243 347 1279 378 0.
1323 349 1394 376 non
1426 339 1560 377 minus
1596 345 1811 376 sermonum

317 411 432 464 dapes
454 412 490 451 et
509 410 641 463 epulas
655 408 839 462 praebent
859 406 949 460 (vel,
979 409 1027 448 ut
1050 408 1114 448 est
1135 404 1246 459 apud
1268 404 1470 458 Plautum,
1497 420 1684 449 sermones
1709 404 1815 446 eden-

318 481 382 522 dos
402 481 516 533 dant)
529 482 586 520 eis
603 480 674 532 qui
692 478 846 519 aba-ant
866 490 889 517 a
908 490 1015 526 cena,
1046 489 1160 529 quam
1180 477 1251 530 qui
1267 478 1371 530 ipsos
1392 477 1478 518 illos
1497 490 1684 518 sermones
1697 487 1812 529 prae-

317 549 439 588 sentes
461 546 599 587 audire
618 558 821 599 mumque
837 546 1006 598 conpotes
1021 543 1123 595 fieri
1133 545 1355 597 potuerunt.
1403 543 1518 594 Quae
1537 544 1628 586 sine
1647 544 1810 585 contro—

318 615 455 658 versia
481 617 659 669 perapta
688 617 752 656 est
773 613 992 664 sententia,
1022 611 1237 655 Platonico
1257 627 1412 666 rursus,
1441 614 1487 656 ni
1516 614 1650 664 fallor,
1677 612 1814 655 colore

319 686 565 738 temperata.
604 682 685 726 Cfr.
700 683 894 737 inprimis
908 682 1133 734 Timaeum,
1163 697 1216 726 ex
1233 697 1315 738 quo
1334 685 1596 728 sexcentiens
1613 681 1817 726 sermonis

318 752 480 794 lumina
516 752 694 807 sumpsit
722 751 991 803 PlutarchUS,
1029 765 1068 805 p.
1101 754 1155 794 27
1167 751 1194 795 b
1227 752 1387 804 τελέως
1415 768 1465 796 τε
1494 752 1569 796 καὶ
1598 750 1816 809 λαμπρεῖς

321 819 444 864 ἔοικα
478 818 888 882 ἆνταπολήψεσθαι
918 819 1010 878 τὴν
1044 822 1147 863 τῶν
1186 817 1356 878 λόγων
1382 819 1656 866 ’ἑστίασιν
1691 822 1735 864 et
1762 817 1816 862 de

321 904 409 945 rep.
438 889 501 932 IX
528 903 568 944 p.
598 888 718 933 571d
757 886 965 939 ἑστιάσας
995 884 1136 944 λόγων
1175 888 1322 931 καλῶν
1359 889 1433 933 καὶ
1477 889 1681 949 σκέψεων
1709 886 1815 930 conl.

322 958 428 1001 Plut.
456 957 596 1015 Symp.
626 956 720 1010 VII,
752 960 789 1009 8,
819 962 845 1005 4
874 971 912 1011 p.
942 960 1023 1000 713
1036 951 1059 998 c
1096 959 1140 999 et
1176 971 1283 1013 quae
1322 958 1407 1002 alia
1449 959 1641 1014 exempla
1683 956 1823 1002 adfert

321 1029 672 1085 Wyttenbachius
691 1028 746 1071 ad
767 1027 874 1070 Plut.
898 1027 1000 1072 Mor.
1019 1040 1059 1081 p.
1072 1031 1125 1071 40
1142 1028 1181 1080 b,
1210 1028 1362 1084 quibus
1383 1029 1492 1073 addo
1520 1029 1676 1074 similia
1709 1021 1825 1084 apud

323 1099 472 1142 Athen.
505 1098 590 1143 VII
618 1112 657 1154 p.
689 1102 770 1142 270
792 1111 814 1140 c
855 1095 1000 1155 τροφὴ
1030 1095 1112 1155 γὰρ
1150 1099 1291 1157 ψυχῆς
1320 1095 1447 1156 λόγοι
1491 1096 1623 1142 καλοί
1663 1096 1768 1140 conl.
1798 1095 1820 1138 I

323 1183 359 1224 p.
393 1170 453 1214 2b
482 1169 544 1213 VI
571 1183 611 1224 P.
640 1168 762 1213 268d
791 1167 875 1211 VII
904 1181 944 1221 p.
972 1170 1054 1211 275
1069 1168 1157 1223 a.*)
1215 1160 1276 1211 Ut
1304 1169 1434 1225 igitur
1461 1169 1507 1213 in
1541 1169 1610 1212 his
1643 1167 1820 1219 librarii,

324 1257 418 1285 cum
445 1242 691 1285 novissimas
726 1240 1047 1296 participiorum
1087 1240 1268 1296 syllabas
1306 1241 1547 1286 indiscretis
1584 1242 1673 1286 fere
1702 1241 1821 1298 siglis

324 1312 539 1362 notarent,
568 1309 806 1352 temeritate
836 1323 911 1351 sua
939 1308 1078 1351 locum
1106 1308 1243 1352 tribus
1271 1314 1546 1366 quattuorve,
1573 1326 1667 1355 cum
1693 1310 1822 1355 semel

322 1378 513 1434 ingressa
531 1380 641 1420 esset
662 1375 957 1431 corrumpendi
975 1376 1064 1427 via,
1090 1375 1369 1432 inquinarunt
1393 1379 1509 1422 vitiis
1528 1404 1583 1411 —
1600 1393 1701 1422 nam
1722 1392 1816 1433 per-

322 1447 420 1490 inde
447 1447 572 1502 plane
601 1450 666 1490 est
692 1461 769 1502 per
797 1460 884 1499 eOS,
921 1446 1128 1502 quomodo
1158 1447 1266 1503 sigla
1289 1449 1551 1492 resolvantur
1580 1475 1631 1482 —
1645 1483 1655 1502 ,
1690 1449 1753 1492 ita
1777 1449 1822 1491 in

324 1518 408 1562 alio
436 1518 527 1561 loco
558 1532 642 1560 non
671 1521 760 1560 tam
788 1517 1011 1560 miraberis
1041 1517 1329 1560 soloecismum
1368 1520 1435 1563 vel
1471 1519 1577 1563 adeo
1605 1519 1818 1562 licentiam
1897 1507 1900 1510 ⁴

324 1588 532 1632 sublestae
552 1587 808 1644 graecitatis,
836 1601 964 1643 quam
986 1586 1196 1630 inscitiam
1217 1588 1459 1641 scribarum,
1489 1603 1583 1631 cum
1600 1602 1732 1643 parva
1748 1579 1817 1630 'vel

324 1660 441 1703 nulla
475 1661 686 1714 potiorum
722 1659 927 1702 librorum
966 1658 1224 1702 dissensione
1263 1660 1379 1716 (nam
1408 1660 1460 1704 de
1488 1660 1599 1704 libro
1626 1659 1820 1703 Palatino

325 1731 430 1773 mihi
458 1730 627 1786 quidem
655 1743 740 1772 non
769 1729 871 1772 satis
896 1731 989 1771 tuta
1017 1726 1138 1784 fides)
1168 1728 1214 1770 in
1243 1727 1382 1786 Symp.
1404 1728 1521 1782 VIII,
1540 1733 1577 1781 9,
1601 1732 1627 1774 3
1647 1727 1819 1783 p.734b

325 1800 526 1855 scriptum
553 1800 609 1843 sit
637 1797 683 1842 αἱ
708 1798 755 1843 δὲ
778 1799 989 1841 Γαλατῶν
1015 1801 1213 1855 γυναῖκες
1244 1795 1307 1850 εἷς
1327 1797 1382 1841 τὰ
1405 1798 1621 1855 βαλανεῖα
1653 1795 1822 1842 πόλτου

322 1866 482 1926 χύτρας
515 1864 891 1925 εἰςφέροντες.
965 1865 1228 1922 Quamquam
1256 1879 1340 1908 non
1369 1867 1534 1909 nescius
1562 1880 1655 1909 sum
1683 1865 1818 1909 simile

325 1939 591 1993 quantumvis
620 1937 795 1980 dubium
826 1936 1107 1991 corruptionis
1135 1935 1372 1991 exemplum
1400 1936 1559 1981 adferri
1580 1952 1632 1980 ex
1653 1936 1819 1988 Quaest.

323 2010 468 2053 Graec.
501 2024 534 2054 c.
569 2012 622 2053 56
652 2022 693 2063 p.
724 2012 804 2053 303
829 2023 852 2052 e
890 2010 973 2049 τῶν
1015 2008 1063 2050 δὲ
1095 2006 1402 2064 φονευθέντων
1438 2007 1491 2050 de
1527 2007 1820 2060 Amazonibus,

325 2080 402 2132 cui,
432 2080 467 2122 si
493 2079 618 2123 modo
646 2080 813 2135 integra
850 2081 916 2120 est
954 2076 1158 2132 Stephani
1194 2078 1338 2130 lectio,
1378 2080 1614 2134 promptior
1642 2077 1819 2121 fortasse

323 2157 474 2208 parata
500 2154 583 2196 erit
611 2152 823 2196 excusatio
853 2151 906 2194 ab
944 2150 997 2193 iis
1034 2165 1140 2206 quae
1181 2149 1234 2194 de
1262 2150 1584 2205 participiorum
1612 2164 1699 2193 non
1727 2164 1813 2193 mo·

323 2227 462 2267 torum
487 2238 567 2267 usu
593 2222 843 2278 praesertim
871 2221 984 2276 apud
1009 2214 1232 2276 scriptores
1273 2221 1365 2265 aevi
1392 2221 1609 2278 byzantini
1638 2220 1811 2264 adnota-

324 2295 385 2336 vit
413 2294 647 2338 Lobeckius
675 2294 721 2336 in
750 2292 954 2349 Aglaoph.
985 2306 1025 2346 p.
1057 2295 1138 2336 216
1165 2295 1209 2335 et
1236 2291 1417 2347 Paralip.
1446 2308 1487 2349 p.
1519 2296 1612 2344 550,
1645 2291 1820 2348 (iniuria

325 2362 448 2405 credo
489 2363 723 2418 inpugnata
760 2376 787 2405 a
825 2360 1101 2417 Bernhardyo
1149 2375 1184 2403 v.
1224 2360 1273 2403 01.
1312 2361 1358 2403 111
1396 2361 1575 2415 Paralip.
1617 2364 1724 2417 synt.
1758 2375 1817 2417 gr.

325 2448 364 2487 Ρ.
397 2437 490 2490 36),
532 2434 577 2476 111
603 2437 724 2476 tanta
753 2435 972 2487 praeterea
997 2431 1213 2486 scriptoris
1243 2431 1396 2475 harum
1420 2431 1714 2487 quaestionum
1740 2445 1812 2474 ne-

324 2503 554 2559 glegentia,
591 2517 675 2547 non
711 2501 840 2546 semel
877 2501 1062 2544 saniores
1099 2499 1285 2544 melioris
1325 2499 1477 2543 aetatis
1506 2499 1663 2543 formas
1691 2498 1814 2542 oblit—

417 2694 450 2736 *)
475 2693 715 2741 Ὀφθαλμοὺς
729 2694 853 2729 ἑστιᾶν
870 2694 954 2728 dixit
974 2693 1122 2728 Basilius
1142 2694 1186 2726 de
1202 2693 1269 2736 leg.
1289 2694 1364 2728 libr.
1382 2699 1473 2737 geni.
1495 2693 1576 2728 c.9:
1593 2691 1645 2738 μὴ
1665 2693 1816 2739 &qaena-

325 2750 418 2799 μοὺς
441 2752 563 2787 ἑστιᾶν
594 2756 671 2791 ταῖς
704 2749 855 2791 ἀτόποις
888 2754 961 2786 τῶν
985 2753 1278 2797 θαυματοποιῶν
1303 2753 1522 2792 ἐπιδείξεσιν
1545 2756 1579 2787 et
1602 2751 1812 2788 Theodorei.

326 2811 384 2846 rel.
410 2811 488 2847 hist.
517 2822 549 2855 p.
582 2814 668 2846 1154
693 2816 891 2860 νομοθετεῖ
913 2816 987 2855 τοῖς
1011 2811 1225 2859 ὀφθαλμοῖς
1249 2831 1292 2837 —-
1315 2810 1407 2860 μήτε
1433 2816 1482 2858 τῷ
1506 2814 1668 2862 οὐρανίῳ
1690 2809 1812 2848 κάλλει

325 2872 386 2905 καὶ
409 2873 457 2915 τῷ
482 2873 553 2905 τῶν
577 2870 739 2918 ἀστέρων
765 2872 977 2915 ἑστιαθῆναι
998 2873 1110 2918 χορῷ.
1170 2872 1270 2915 Apud
1297 2872 1480 2908 Libanium
1506 2871 1641 2915 ἑστιᾶν,
1669 2870 1812 2917 εὐωχεῖ-

325 2934 414 2965 σθαι
438 2930 563 2965 similia
587 2942 693 2965 sensu
717 2932 863 2975 figurato
891 2936 1054 2975 usurpata
1078 2932 1246 2966 omnibus
1268 2933 1404 2976 paginis
1430 2935 1628 2967 occurrunt.
