1962 3314
883 158 1166 200 -26-

281 283 440 318 πωτος.
510 266 575 309 Ad
614 281 664 310 ea
700 281 807 322 quae
841 267 1013 322 exposui
1052 266 1104 309 de
1144 266 1236 309 loco
1275 267 1379 310 Mor.
1410 280 1449 321 p.
1480 270 1562 311 495
1578 266 1599 308 f
1632 264 1773 309 adhuc

279 333 553 377 conferendus
575 337 639 377 est
658 333 828 376 Aristot.
852 348 916 388 ap.
934 333 1160 377 Stobaeum
1181 333 1255 376 ecl.
1274 334 1392 389 phys.
1413 333 1434 375 I
1450 347 1491 387 p.
1507 335 1596 384 185,
1619 335 1673 375 25
1693 331 1771 374 M.:

281 401 498 453 πολλάκις
528 402 575 446 δὲ
606 402 679 446 καὶ
719 403 918 459 συγγενές
958 419 1001 445 τι
1042 404 1215 457 πνεῦμα
1246 398 1458 460 εῧκρατον
1488 401 1532 445 ἐν
1571 403 1626 460 γῇ
1658 417 1774 460 παρ-

281 473 476 524 egeno-‘152³
509 472 571 525 εἰς
605 471 788 529 μυχίους
820 470 1042 531 σήραγγας
1074 468 1224 531 αὐτῆς,
1259 470 1436 531 ἔξεδρον
1463 469 1695 530 γενόμενον
1727 469 1776 513 ἐκ

281 545 366 585 τῶν
398 540 571 586 οἰκείων
601 540 766 596 τόπων,
797 541 945 585 πολλὰ
975 542 1087 600 μέρη
1122 540 1427 600 συνεκράόανε.

396 610 458 652 Ad
478 624 517 664 p.
538 613 585 661 8,
614 611 687 653 ubi
709 610 900 665 pluribus
930 609 982 652 de
1011 604 1204 652 vccabuli
1237 605 1420 663 ἄμικτος
1447 615 1490 652 et
1523 604 1778 662 ἀμείλικτος

281 681 413 736 (conf.
454 680 558 723 Add.
598 695 638 736 p.
670 684 749 737 68)
793 680 991 731 disserui,
1032 679 1143 722 adde
1184 679 1294 722 Max.
1339 678 1512 723 Planud.
1550 692 1617 733 ap.
1647 677 1776 721 Boiss.

283 750 436 795 Anecd.
467 751 520 802 II,
552 755 632 795 333
662 750 736 794 καὶ
769 747 914 792 πάντα
947 745 996 806 ἧν
1028 745 1178 801 αὐτοῖς
1210 750 1322 802 (τοῖς
1353 745 1631 807 ἀνθρώποις)
1665 745 1779 805 πρὸς

281 818 335 862 τὰ
363 818 505 877 θηρία
535 819 679 870 κοινὰ,
713 819 762 862 τὸ
792 815 988 871 ἄμικτον,
1019 817 1069 861 τὸ
1101 815 1406 876 ἀκοινώνητον,
1443 816 1494 860 ‘cti
1525 814 1778 872 ἀμείλικτον

280 890 385 932 conl.
416 890 521 932 Plut.
548 890 642 945 Lyc.
680 894 727 933 15
760 884 923 944 ἄμικτα
953 888 1027 932 καὶ
1058 886 1344 945 ἀκοινώνητα.
1390 889 1486 931 Luc.
1516 903 1552 933 v.
1582 888 1623 931 h.
1654 888 1694 939 I,
1723 890 1777 931 35

283 959 473 1016 γείτονες
513 954 690 1013 ἄμικτοι
730 959 814 1005 καὶ,
847 955 1020 1017 ἄγριοι,
1066 960 1217 1014 quibus
1256 960 1436 1013 praeivit
1464 959 1569 1004 Plat.
1599 973 1687 1013 rep.
1715 957 1778 1001 VI

284 1044 322 1083 p.
344 1029 459 1072 486b
493 1026 838 1084 ὁνσκοινώνητός
866 1044 914 1070 τε
944 1026 1018 1070 καὶ
1045 1024 1178 1084 ἀγρία
1213 1027 1384 1087 monast),
1413 1029 1524 1072 unde
1554 1029 1780 1084 profecisse

283 1101 448 1144 videtur
486 1100 685 1142 Themist.
722 1114 781 1143 or.
812 1114 852 1153 p.
883 1103 965 1143 254
976 1099 1015 1142 b.
1075 1099 1222 1143 Obiter
1263 1115 1412 1143 moneo
1452 1103 1651 1154 corrupta
1688 1114 1779 1143 esse

283 1171 395 1225 apud
432 1169 628 1213 Themist.
667 1183 707 1223 p.
746 1172 828 1213 254
849 1184 875 1212 a
930 1165 953 1210 ὃ
994 1169 1075 1224 μὲν
1113 1167 1303 1220 αἴτιος
1347 1168 1421 1212 καὶ
1469 1165 1780 1225 ἀπάνθρωπος

286 1236 515 1294 τύραννος,
547 1237 703 1281 frustra
731 1240 938 1292 temptata
966 1252 993 1280 a
1019 1237 1232 1290 Iacobsio,
1260 1238 1333 1293 qui
1364 1233 1489 1294 ὂέγρι
1503 1253 1561 1288 ος
1597 1236 1782 1291 optabat,

284 1324 367 1352 non
399 1308 672 1351 dissentiente
723 1306 878 1351 Cobeto
916 1307 1069 1351 Mnem.
1107 1310 1213 1351 1862
1254 1322 1292 1362 p.
1326 1311 1435 1360 2453
1472 1306 1517 1349 in
1557 1303 1782 1360 propatulo

283 1381 365 1426 est,
403 1376 634 1431 sophistam
673 1376 836 1419 dedisse
870 1374 893 1418 ὃ
948 1375 1026 1429 μὲν
1063 1369 1306 1428 ἄμικτος
1357 1376 1497 1434 (quod
1552 1375 1785 1431 antiquitus

284 1447 545 1490 scribebatur
577 1440 783 1498 ὅτ’,ιιεικτος
813 1445 884 1487 cir.
906 1444 1044 1488 Cobet.
1070 1444 1154 1489 NL.
1171 1459 1209 1499 p.
1231 1445 1332 1502 476)
1363 1445 1437 1488 καὶ
1469 1442 1782 1502 ἀπάνθρωπος

285 1515 506 1568 τύραννος.
574 1515 661 1558 Nec
701 1515 819 1558 deest
857 1515 959 1558 levis
994 1515 1188 1568 suspitio,
1229 1515 1332 1570 quin
1371 1514 1511 1570 Symp,
1542 1514 1626 1566 IX,
1658 1519 1728 1566 14,
1758 1520 1783 1559 7

284 1601 324 1641 p.
356 1590 471 1629 746e
501 1585 545 1627 in
570 1584 708 1642 verbis
744 1579 767 1640 ἦ
806 1582 977 1626 Θάλεια
1019 1581 1125 1636 (τὸν
1167 1577 1439 1640 ἄνθρωπον)
1475 1572 1784 1638 κοινωνητικὸν

289 1660 412 1701 ποιεῖ
450 1657 524 1699 καὶ
554 1655 827 1710 συμποτικὸν
867 1655 915 1706 ἐξ
944 1671 1061 1709 αμου
1103 1654 1175 1698 καὶ
1211 1653 1486 1712 θηριώδους,
1525 1655 1637 1710 quod
1676 1656 1786 1699 iusto

287 1727 484 1771 audacius
513 1730 731 1770 mutarunt
768 1725 813 1767 in
843 1723 902 1776 ἐξ
928 1720 1044 1767 ἀπα
1060 1722 1212 1781 νθρώ
1229 1740 1358 1777 που,
1396 1738 1652 1779 quamquam
1690 1738 1783 1778 per-

287 1797 498 1852 volgatum
527 1796 590 1836 est
619 1793 898 1848 conpendium
929 1810 1036 1836 ανον
1067 1807 1143 1848 pro
1174 1788 1436 1850 ἀνθρώπου,
1469 1793 1631 1847 primae
1661 1793 1783 1849 sylla-

288 1870 367 1912 bae
404 1867 591 1910 defectus
630 1868 672 1907 et
711 1866 772 1919 μῦ
806 1865 967 1915 littera,
1029 1864 1236 1921 siquidem
1279 1878 1428 1907 revera
1462 1867 1580 1907 extat
1617 1864 1662 1906 in
1698 1864 1787 1907 cod.

287 1937 479 1988 Vindob„
502 1935 618 1978 aliud
637 1934 812 1977 suadere
842 1935 1043 1978 videatur.
1088 1934 1222 1977 Multo
1251 1934 1386 1978 lenius
1414 1938 1527 1978 certe
1550 1938 1783 1978 correctum

288 2010 396 2050 esset
426 2005 473 2056 ἐξ
503 2000 741 2057 ἀμίκτου
773 2002 848 2045 καὶ
878 2001 1133 2062 θηριώδους
1163 2003 1268 2047 conl.
1295 2003 1438 2057 Pomp.
1462 2018 1495 2047 c.
1513 2006 1566 2047 28
1586 2018 1625 2058 p.
1642 2004 1786 2048 633d:

288 2073 497 2132 ἐννοήσας
528 2071 597 2115 ὅτι
627 2070 760 2130 φύσει
790 2072 871 2128 μὲν
914 2068 1158 2129 ἅνθρωπος
1201 2068 1300 2115 οὔτε
1337 2072 1508 2129 γέγονεν
1542 2068 1631 2116 οὔτ’
1666 2070 1785 2116 ἔστιν

290 2143 505 2204 ἀνήμερον
529 2145 637 2201 ζῷον
659 2140 750 2187 οὐδ’
773 2139 971 2200 ἄμικτον.
1021 2144 1214 2188 Ceterum
1243 2144 1397 2187 nimius
1426 2144 1591 2187 videtur
1610 2144 1791 2187 Cobetus

292 2215 462 2271 (Mnem.
499 2215 605 2256 1862
636 2225 674 2265 p.
699 2212 819 2268 233),
850 2212 921 2267 qui
948 2226 1056 2267 quae
1086 2212 1303 2254 coniunxit
1323 2211 1578 2254 Themistius
1605 2225 1643 2265 p.
1674 2215 1790 2255 2490

290 2283 490 2343 καθαρὸν
536 2282 608 2326 καὶ
650 2280 879 2340 εἰλικρινές
919 2299 970 2327 ex
1007 2284 1110 2327 Plat.
1154 2284 1311 2327 Phileb.
1353 2297 1392 2337 p.
1430 2282 1529 2326 52d
1568 2282 1790 2336 adsumpta

290 2356 496 2403 autumet,
519 2353 631 2393 certe
657 2350 949 2405 frequentatur
972 2349 1119 2393 eadem
1138 2349 1292 2392 locutio
1311 2348 1548 2398 Plutarcho,
1573 2347 1784 2391 crebriore

291 2436 368 2465 usu
397 2421 516 2476 quasi
545 2420 722 2470 sancita,
752 2419 881 2462 veluti
909 2419 1011 2461 Mor.
1035 2433 1072 2473 p.
1097 2421 1177 2462 928
1197 2419 1223 2461 f.
1247 2418 1336 2474 (cfr.
1358 2418 1505 2460 Iulian.
1529 2417 1642 2460 Caes.
1670 2421 1718 2460 17
1743 2418 1788 2458 ιό

293 2489 615 2549 καθαρώτατον
635 2489 709 2532 καὶ
734 2487 1100 2547 εἰλικρινέστατον
1122 2490 1246 2545 φῶς),
1263 2489 1413 2531 Anton.
1433 2492 1480 2532 13
1494 2485 1703 2544 εἰλικρινῆ
1719 2486 1793 2531 καὶ

383 2627 418 2666 ²¹‘)
445 2628 505 2661 Cui
530 2629 599 2661 sere
616 2629 800 2671 opponitur
818 2627 911 2671 apud
929 2627 1074 2670 Procop.
1093 2627 1126 2661 h.
1145 2637 1174 2660 a.
1196 2637 1228 2670 p.
1241 2628 1301 2670 83,
1330 2629 1344 2660 1
1365 2623 1579 2673 εὐπρόσιτος
1595 2627 1656 2660 καὶ
1674 2626 1795 2671 πρᾷος

294 2692 368 2727 τοῖς
385 2684 669 2732 ἐντυγχάνουσιν
689 2688 803 2728 (Anna
818 2685 938 2721 Comn.
950 2697 982 2730 p.
995 2686 1074 2728 294,
1099 2686 1143 2729 1).
1184 2685 1276 2719 Alias
1306 2690 1550 2729 conponuntur
1572 2682 1713 2728 ἀπηνὴς
1730 2685 1793 2718 καὶ

295 2743 394 2791 ὠμός
419 2746 455 2780 S.
472 2745 593 2790 Chrys.
620 2757 652 2790 p.
683 2747 771 2789 447,
798 2748 860 2789 22,
897 2741 1050 2791 ἄμικτος
1070 2746 1131 2779 καὶ
1156 2741 1311 2790 στυγνός
1332 2744 1448 2788 Eurip.
1474 2754 1527 2788 ap.
1554 2743 1653 2779 Siob.
1679 2742 1795 2777 Florii.

294 2803 479 2845 Lxxxw,
499 2804 518 2836 3
545 2808 577 2837 et
596 2814 683 2846 quae
710 2808 790 2838 sunt
813 2804 879 2838 alia
895 2803 1058 2848 plurima;
1086 2799 1263 2848 τύραννος
1284 2801 1529 2847 ἀπαραίτητος
1556 2801 1599 2834 ad
1625 2803 1792 2842 velerum,

296 2863 451 2905 inprimis
464 2862 635 2896 Plutarchi
655 2864 811 2907 exempla
836 2873 1051 2907 expressum,
1080 2862 1163 2896 dixit
1178 2861 1376 2908 Theophyl.
1396 2861 1475 2896 hist.
1495 2872 1527 2905 p.
1542 2862 1604 2903 85,
1624 2861 1645 2893 9
1667 2859 1797 2903 aliique

297 2921 392 2956 multi
412 2921 564 2955 cohortis
584 2922 808 2967 byzantinae,
836 2924 894 2966 qui
917 2924 1019 2967 pictis
1045 2923 1193 2958 vocibus
1219 2923 1409 2956 orationem
1436 2921 1593 2955 colorare
1622 2923 1750 2954 ament.
