1962 3314
918 132 1202 176 ...98-

316 314 545 364 inaccessa,
585 311 640 355 ad
670 311 857 365 corporis
889 310 1067 353 formam
1097 309 1346 364 ampliorem
1377 313 1420 352 et
1452 309 1587 365 magis
1617 308 1815 352 eximiam

320 383 580 427 reddendam
622 383 879 435 insumatur,
918 382 1019 424 hinc
1059 381 1246 424 sterilem
1287 395 1377 424 esse
1405 381 1452 423 in
1479 381 1667 424 Graecia.
1715 379 1816 436 (Gfr.

316 455 523 509 Theophr.
546 454 587 498 h.
617 453 673 508 pl.
695 453 777 505 III,
807 440 854 505 4,
883 458 907 496 5
941 449 964 495 ὁ
997 452 1150 510 φοῖνιξ
1179 451 1283 511 περὶ
1312 451 1392 507 μὲν
1420 451 1668 504 Βαβυλῶνα
1701 453 1816 493 θαυ-

317 520 501 576 μαστὸς,
533 519 579 563 ἐν
600 521 655 578 τῇ
681 516 861 562 Ἑλλάδι
882 518 930 562 δὲ
956 514 1059 561 οὐδὲ
1081 514 1306 571 πεπαίνει,
1339 513 1446 577 παρ’
1476 515 1612 568 ἐνίοις
1633 516 1681 560 δὲ
1704 514 1819 568 ὅλως

322 587 426 634 οὐδὲ
450 587 697 649 προφαίνει
727 586 914 646 καρπόν,
947 586 1083 643 quode
1108 586 1203 630 vide
1223 587 1366 639 Fraas,
1385 586 1556 643 Synops.
1577 587 1708 641 plant.
1726 585 1816 630 flor.

319 657 438 701 class,
457 670 497 711 p.
519 660 572 700 27
576 659 601 700 6
631 659 674 699 et
697 654 941 711 Bartholdy,
968 654 1259 698 Bruchstiicke
1288 658 1365 698 etc.
1396 655 1417 697 I
1445 669 1485 709 p.
1504 658 1585 699 233
1613 657 1714 710 not.)
1757 654 1818 697 Ut

319 727 449 782 igitur
476 725 522 767 in
551 725 618 767 his
646 725 882 780 palmarum
921 723 1192 778 praedicatur
1234 720 1435 776 εὐταξία,
1481 724 1638 780 quippe
1679 723 1813 767 excel-

317 795 445 838 lentis
495 794 655 838 formae
698 794 1005 845 conservatrix,
1055 794 1117 836 ita
1161 793 1387 849 gladiatori
1433 794 1547 849 apud
1588 794 1816 837 Arrianum

320 865 455 920 Epict.
477 864 640 908 dissert.
661 863 737 916 III,
767 868 816 908 15
833 863 1118 925 commendari
1138 863 1301 907 videbis
1329 859 1628 917 εὐτακτεῖν,
1661 859 1819 921 ἄναγ-

321 939 601 995 κοφαγεῖν
635 935 755 990 (00111.
773 934 900 980 Clem.
922 935 1038 978 Alex.
1058 934 1180 978 Paed.
1210 935 1272 987 ΙΙ,
1306 940 1347 987 1,
1375 938 1401 978 2
1426 949 1467 990 p.
1502 939 1577 980 163
1594 935 1673 990 P.),
1705 930 1818 979 ἀπέ-

317 1009 482 1061 χεσθαι
522 1002 785 1061 πεμμάτων,
815 1003 1133 1062 ’γυμνάζεσθαι
1173 1005 1286 1064 πρὸς
1337 1001 1546 1063 ἀνάγκην,
1591 1005 1682 1061 [ἐν]
1723 1003 1819 1064 ὥρᾳ

322 1074 582 1131 τεταγμένῃ,
630 1072 676 1116 ἐν
712 1070 923 1128 καύματι,
974 1071 1020 1115 ἐν
1059 1069 1210 1131 ψύχει,
1247 1070 1308 1129 μὴ
1340 1070 1511 1131 ψυχρὸν
1551 1069 1715 1125 πίνειν,
1756 1069 1816 1128 μὴ

328 1137 467 1195 οἶνον,
501 1138 563 1184 ὅτ’
595 1138 743 1195 ἔτυχεν
773 1141 863 1184 κτλ.
923 1141 1039 1192 Quae
1077 1140 1218 1183 omnia
1253 1154 1348 1182 cum
1385 1140 1671 1195 superioribus
1699 1140 1816 1183 testi-

322 1212 474 1255 moniis
503 1212 564 1254 ita
593 1214 846 1267 congruunt,
873 1214 922 1253 ut
945 1210 1070 1265 plane
1100 1210 1264 1253 eluceat
1292 1213 1508 1261 auctorem
1534 1210 1580 1252 in
1615 1209 1819 1264 proximis

321 1281 558 1335 palmarum
589 1280 934 1335 conparationem
970 1294 1066 1323 cum
1095 1279 1269 1323 athletis
1308 1279 1559 1334 explicatius
1589 1292 1817 1322 enarrasse.

322 1354 373 1395 In
401 1367 483 1408 quo
505 1353 653 1395 mirari
682 1352 798 1395 subit
821 1351 1033 1394 neminem
1055 1351 1336 1405 interpretum
1358 1349 1598 1393 adtendisse
1624 1349 1679 1392 ad
1699 1349 1815 1392 miri-

321 1425 445 1468 ficam
474 1425 667 1468 lectionis
698 1423 1006 1475 diversitatem,
1045 1436 1129 1478 qua
1167 1421 1330 1465 codices
1370 1425 1414 1465 et
1442 1421 1597 1464 vetusti
1625 1421 1726 1464 libri
1751 1420 1815 1462 in-

322 1495 456 1550 pressi
474 1495 587 1538 inter
607 1509 651 1538 se
674 1497 882 1550 pugnant,
906 1506 1084 1548 quorum
1103 1492 1194 1545 alii,
1224 1492 1298 1547 qui
1319 1491 1373 1534 ad
1394 1490 1522 1535 fidem
1542 1491 1820 1546 suspectiores
1895 1493 1897 1496 ’

322 1566 456 1611 videri
493 1570 685 1622 possunt,
728 1560 988 1612 110111ἀλλὰ
1015 1563 1093 1621 τὴν
1123 1564 1293 1621 τροφὴν
1331 1559 1522 1621 ὥσπερ
1569 1556 1822 1619 ἄθλησιν

325 1637 428 1697 περὶ
457 1637 507 1681 τὸ
540 1639 667 1694 σῶμα
697 1639 772 1693 τῆς
802 1632 1008 1687 εὐταξίας
1034 1634 1118 1691 (vel
1143 1629 1347 1688 ἀταξίας)
1371 1629 1706 1690 ἀναλισκούσης,
1735 1632 1820 1683 alii,

323 1710 370 1749 ut
390 1705 746 1757 Vindobonensis,
770 1706 989 1760 praestant
1009 1698 1122 1745 ἀλλὰ
1141 1701 1219 1759 την
1241 1701 1409 1758 τροφὴν
1440 1699 1624 1758 ὥςπερ
1651 1699 1821 1757 ἀθλη-

324 1778 422 1819 τοῦ
449 1778 539 1819 κτλ.
591 1776 658 1819 Ad
677 1776 783 1819 haec
811 1775 846 1817 si
867 1774 960 1829 quis
992 1773 1196 1816 memoria
1217 1775 1402 1826 repetat,
1431 1786 1540 1827 quae
1570 1784 1697 1826 supra
1725 1784 1819 1827 pag.

325 1848 378 1888 43
395 1844 509 1888 dicta
527 1849 625 1887 sunt
645 1844 696 1887 de
718 1844 946 1898 inportuno
968 1839 1151 1897 quodam
1183 1840 1229 1882 in
1254 1839 1320 1882 his
1338 1839 1459 1882 libris
1485 1837 1818 1893 corruptelarum

325 1928 494 1970 genere,
521 1928 604 1970 quo
628 1913 811 1956 dissecta
829 1912 1006 1954 duarum
1025 1910 1252 1953 lectionum
1279 1909 1471 1952 membra
1499 1909 1545 1951 in
1566 1923 1696 1951 unum
1723 1922 1815 1951 coa-

324 1982 483 2026 luerint
502 1996 670 2037 corpus‚
698 1982 735 2024 is
754 1982 825 2024 vix
846 1980 1060 2024 dubitabit
1081 1979 1184 2035 quin
1199 1979 1340 2034 ipsum
1359 1979 1438 2022 hoc
1458 1978 1658 2022 accidisse
1677 1978 1816 2022 videa-

325 2053 461 2095 turin
490 2057 633 2096 nostro
660 2053 764 2096 loco.
811 2051 984 2095 Accedit
1012 2050 1098 2094 alia
1124 2050 1318 2105 suspitio,
1347 2050 1401 2092 de
1427 2064 1511 2105 qua
1531 2063 1629 2111 111011
1647 2049 1818 2092 minime

327 2123 454 2167 dubio
481 2124 672 2178 exemplo
694 2122 937 2166 adcuratius
961 2121 1224 2176 expositurus
1247 2135 1348 2164 sum.
1396 2119 1498 2163 Cum
1527 2120 1640 2163 enim
1668 2133 1820 2174 parum

326 2195 507 2248 placeat,
539 2195 773 2239 sententiae
794 2195 944 2237 seriem
975 2207 1081 2236 novo
1110 2192 1295 2236 subiecto
1326 2191 1484 2242 donari,
1514 2205 1607 2233 cum
1627 2204 1816 2245 praeser-

326 2264 413 2316 tim,
442 2265 478 2307 si
497 2264 591 2320 quis
610 2263 820 2318 receperit
842 2260 995 2320 ὥσπερ
1022 2258 1234 2318 ἀθλητοῦ,
1251 2260 1599 2315 perincommode,
1628 2275 1681 2303 ne
1701 2260 1823 2302 hiatu

326 2335 497 2390 quidem
533 2335 736 2378 suadente
776 2333 1148 2388 transpositionem
1157 2333 1216 2388 ²⁸),
1253 2331 1432 2375 traiecta
1468 2330 1603 2374 videri
1640 2330 1823 2373 debeant

328 2406 465 2458 verba,
494 2406 564 2449 vix
589 2405 765 2449 dubium
786 2405 977 2455 habetur,
1010 2403 1114 2459 quin
1141 2402 1376 2445 scribarum
1404 2401 1638 2445 liberalitas
1659 2401 1705 2443 in
1724 2415 1818 2456 gra-

329 2474 432 2517 tiam
460 2475 653 2518 vocabuli
689 2473 981 2529 praecedentis
1018 2472 1235 2527 participii
1266 2468 1588 2527 ἀναλισκούσης
1617 2473 1661 2513 et
1690 2483 1821 2526 genus

328 2548 371 2586 et
401 2559 542 2587 casum
579 2545 889 2588 adulteraverit.
962 2543 1039 2586 His
1081 2542 1280 2597 expositis
1320 2544 1516 2595 prompta
1552 2539 1634 2584 erit
1671 2553 1820 2583 causae

329 2613 585 2657 diiudicatio.
647 2614 780 2658 Credo
811 2615 923 2657 enim
952 2616 1088 2655 totum
1113 2613 1252 2655 locum
1276 2611 1400 2668 longe
1429 2610 1603 2665 propius
1628 2609 1682 2653 ad
1706 2610 1818 2653 codi-

328 2696 422 2724 cum
451 2683 697 2726 memoriam
737 2686 780 2727 et
816 2683 870 2726 ad
911 2681 1164 2725 sententiam
1202 2681 1419 2736 aliquanto
1459 2679 1616 2723 rectius
1645 2679 1705 2722 sic
1732 2678 1820 2723 fere

418 2826 455 2868 *ὶ
480 2828 554 2869 Qua
577 2830 622 2862 de
647 2840 682 2863 re
712 2829 801 2863 locis
827 2829 959 2872 aliquot
984 2827 1153 2862 conlectis
1178 2831 1259 2871 post
1283 2825 1443 2861 Cat-olum
1469 2825 1638 2860 Sintenim
1660 2826 1704 2860 de
1726 2825 1821 2860 hiatu

332 2896 365 2930 p.
386 2885 452 2918 327
476 2894 527 2928 sq.
555 2886 604 2928 (7)
631 2886 833 2921 adnotatum
858 2890 912 2921 est
935 2896 956 2920 a
979 2896 1035 2920 me
1061 2887 1096 2919 in
1126 2885 1263 2927 Quaest.
1292 2885 1381 2921 Plut.
1406 2884 1451 2919 111
1477 2897 1510 2929 p.
1541 2885 1593 2920 13.
