1962 3314
951 142 1235 183 -96-

344 251 457 294 111οᾶ1
483 265 650 302 nomen,
681 250 717 292 si
743 264 890 292 revera
916 249 1162 301 exstitisset,
1193 248 1374 291 orationi
1398 249 1684 293 immiscuisse.
1743 247 1836 293 Nisi

345 323 438 377 quis
474 323 519 364 in
557 321 743 364 animum
780 320 995 363 induxerit
1042 315 1176 377 (ἷρυχή
1222 334 1375 363 nomen
1414 319 1540 364 fuisse
1579 319 1835 364 sacerdotale

345 391 543 446 mysticae
581 389 616 431 si
653 389 733 432 diis
775 389 914 443 placet
953 388 1122 431 dialecti
1152 387 1218 430 vel
1258 388 1385 431 etiam
1422 388 1579 444 Orphei
1609 388 1835 441 doctrinae,

346 457 616 500 insolentium
645 455 941 498 vocabulorum
970 454 1140 508 aucupi,
1172 455 1238 496 0111
1268 454 1372 497 811101
1393 454 1621 499 audiebant
1651 449 1839 506 αὔλακες

344 530 385 569 01
424 540 566 569 80111011
604 522 733 579 μίιος
772 529 815 568 01
852 528 1040 567 aratrum
1079 522 1223 582 κερκὶς
1254 522 1537 579 καμπύλοχος
1576 529 1620 568 et
1656 525 1692 567 si
1729 535 1837 580 quae

343 599 439 638 sunt
477 596 576 638 111110
610 595 755 651 generi
793 594 962 639 adfinia.
1028 593 1185 636 Tantae
1224 594 1355 650 igitur
1383 595 1506 638 molis
1536 599 1628 639 erat
1657 610 1751 639 sues
1778 595 1832 639 ab

343 670 422 713 hac
454 673 566 713 certe
597 669 721 723 culpa
747 667 1111 711 innocentissimas
1141 667 1385 721 defendere,
1424 682 1603 724 quarum
1638 669 1675 711 si
1708 668 1834 723 paulo

343 740 612 791 reconditior,
649 743 695 782 at
722 739 869 783 eadem
899 739 1117 782 sanissima
1144 742 1208 782 est
1236 739 1358 782 ratio.

455 810 515 853 Ut
540 810 669 865 igitur
694 810 740 851 in
763 809 842 851 hoc
863 809 953 851 loco
974 808 1309 852 describentibus
1335 825 1362 852 a
1376 812 1542 852 vvetusto
1563 809 1704 853 codice
1725 808 1835 853 male

345 881 492 924 habito
522 894 639 924 error
669 880 857 923 obiectus
886 882 966 931 est,
996 882 1046 921 111·
1073 879 1158 922 alia
1186 883 1391 933 ponerent
1418 894 1545 935 quam
1567 894 1673 936 quae
1697 894 1723 923 a
1738 879 1832 922 Plu-

341 947 489 989 tarcho
508 946 749 989 viderentur
770 960 859 1005 esse
880 945 1089 1000 profecta,
1118 946 1180 988 ita
1208 946 1253 987 in
1276 945 1386 989 libro
1404 946 1530 998 VIII,
1561 950 1598 998 4,
1627 951 1694 1000 5p.
1716 949 1834 990 724e

349 1021 391 1061 et
417 1017 623 1073 fugientes
660 1017 891 1071 scripturae
921 1016 1073 1059 veteris
1106 1016 1283 1059 laciniae
1314 1016 1422 1059 male
1445 1016 1578 1059 lectae
1608 1019 1651 1060 et
1678 1016 1833 1060 scriba-

344 1103 438 1130 rum
458 1087 724 1143 neglegentia
747 1086 852 1129 adeo
874 1086 1037 1142 largam
1057 1083 1305 1141 corruptelis
1330 1100 1476 1129 ansam
1503 1085 1629 1138 dedit,
1656 1089 1705 1128 ut
1721 1085 1836 1128 100118

343 1172 475 1213 paene
505 1172 581 1212 pro
609 1157 829 1212 desperato
858 1157 1007 1200 haberi
1035 1160 1186 1211 posset.
1255 1157 1411 1200 Ponam
1436 1156 1558 1199 illum
1586 1160 1635 1199 ut
1662 1170 1836 1200 excusus

341 1234 405 1273 est
430 1230 475 1272 in
510 1229 664 1272 Aldina
694 1224 795 1285 ἡμῖν
827 1227 875 1270 δὲ
904 1230 998 1278 τοῖς
1031 1225 1237 1286 Ἕλλησιν
1263 1225 1420 1285 ἥκιστα
1439 1228 1530 1283 μέν
1559 1227 1652 1271 ἐστι
1678 1225 1835 1287 χρειώ-

342 1299 420 1355 δης
449 1293 493 1353 (ὃ
526 1297 711 1355 φοῖνιξ),
739 1292 964 1354 ἄθλητικῇ
990 1294 1038 1339 δὲ
1069 1293 1343 1354 φιλοσοφίᾳ,
1374 1295 1448 1339 καὶ
1470 1294 1520 1339 τὸ
1553 1290 1756 1355 ἶίκαρπον
1781 1290 1835 1338 ὂῖν

341 1363 429 1422 εἴη·
461 1364 695 1416 κάλλιστος
713 1362 795 1422 γάρ
819 1359 879 1406 ὢν
900 1362 975 1406 καὶ
996 1363 1203 1421 μέγιστος
1223 1360 1298 1408 ὑπ’
1322 1361 1545 1418 εὐταξίας,
1579 1360 1630 1409 οὗ
1656 1363 1835 1423 γόνιμός

340 1431 434 1475 ἐστι
467 1427 571 1489 παρ’
601 1427 715 1488 ἡμῖν,
748 1426 860 1472 ἀλλὰ
889 1428 967 1486 τὴν
995 1429 1167 1488 τροφὴν
1196 1426 1387 1490 ὥςπερ
1418 1427 1670 1489 ἀθλητοῦ
1698 1429 1832 1489 περὶ

339 1501 400 1546 τὸ
430 1504 582 1558 σῶμα
623 1502 718 1558 τῆς
754 1496 981 1552 ἀταξίας
1014 1496 1467 1558 ἀναλισκούσης,
1503 1500 1685 1561 σμικρὸν
1711 1497 1831 1558 αὐτῷ
1895 1502 1898 1505 ’

341 1574 414 1616 καὶ
453 1573 624 1631 φαῦλον
655 1569 718 1624 εἷς
757 1571 936 1630 σπέρμα
967 1568 1206 1628 περίεστιν.
1278 1571 1393 1615 Haec
1423 1575 1487 1615 est
1515 1572 1705 1615 codicum
1734 1575 1830 1615 con-

338 1643 522 1697 plurium
541 1642 676 1694 lectio,
705 1655 832 1697 quam
854 1641 983 1684 etiam
1004 1640 1187 1684 editores
1209 1645 1305 1684 ante
1326 1641 1607 1694 Duebnerum,
1629 1646 1832 1698 quantum

340 1709 508 1764 quidem
544 1723 620 1764 ego
658 1708 805 1759 sciam,
845 1721 988 1750 omnes
1024 1710 1269 1761 tenuerunt3
1304 1708 1350 1750 in
1386 1708 1480 1751 aliis
1518 1722 1595 1763 pro
1629 1705 1834 1766 ἀθλητοῦ

339 1778 539 1821 scribitur
563 1775 769 1833 ἄθλησιν,
795 1775 1029 1831 horumque
1058 1777 1353 1820 auctoritatem
1372 1777 1503 1820 secuti
1523 1779 1620 1820 sunt
1639 1776 1834 1820 Reiskius
1894 1797 1896 1800 >

340 1853 383 1892 et
409 1848 780 1905 Wyttenbachius3
810 1846 862 1890 de
892 1850 1030 1890 cetero
1060 1847 1168 1890 nihil
1198 1848 1426 1892 adnotatur
1453 1849 1647 1893 lectionis
1675 1848 1829 1893 discre-

339 1920 527 1974 pantiae,
556 1919 639 1961 nisi
666 1917 777 1974 quod
797 1931 874 1972 pro
895 1917 1028 1960 altero
1060 1914 1246 1969 ἆταξίας
1274 1918 1319 1960 111
1347 1917 1685 1975 castigatioribus
1707 1922 1834 1974 atque

340 1991 467 2033 etiam
492 1991 537 2033 in
558 1990 668 2033 libro
687 1988 1004 2032 Vindobonensi
1025 1988 1226 2042 scriptum
1247 1992 1311 2032 est
1340 1985 1395 2032 εὖ
1408 2006 1472 2032 τα
1485 1986 1575 2042 ξία
1587 2006 1621 2041 ς.
1663 1988 1831 2033 Nemini

339 2063 478 2103 autem
521 2059 695 2102 dubium
733 2071 821 2100 esse
860 2059 1016 2111 potest,
1059 2056 1163 2111 quin
1195 2070 1332 2099 sermo
1371 2056 1427 2098 sit
1466 2055 1518 2099 de
1558 2055 1831 2100 similitudine

338 2146 444 2186 quae
462 2129 696 2173 intercedat
729 2129 840 2171 inter
865 2127 1030 2182 palmae
1053 2130 1180 2182 atque
1210 2127 1394 2170 athletae
1421 2126 1588 2170 vivendi
1612 2127 1830 2172 rationem.

339 2201 461 2244 Unde
481 2201 662 2256 primum
682 2200 728 2241 in
747 2201 946 2253 promptu
964 2197 1148 2252 positum
1176 2200 1256 2249 est,
1288 2191 1534 2253 ἀθλητικὴν
1557 2194 1832 2255 φιλοσοφίαν

339 2272 447 2313 1111111
485 2271 600 2314 aliud
649 2283 769 2324 posse
822 2267 1077 2323 significare,
1125 2281 1251 2322 quam
1289 2265 1539 2309 rationalem
1576 2265 1833 2309 athletarum

339 2340 505 2383 vivendi
535 2353 692 2382 morem
723 2353 775 2381 ex
796 2338 921 2393 longo
950 2351 1028 2379 usu
1048 2336 1292 2390 probatum,
1322 2349 1404 2390 quo
1430 2338 1479 2377 ut
1499 2349 1649 2389 corpus
1673 2334 1833 2378 firmius

340 2408 564 2452 redderent
592 2411 718 2462 atque
746 2405 977 2457 robustius,
1019 2404 1192 2447 fortiore
1228 2406 1496 2446 vescerentur
1531 2403 1678 2458 sagina
1707 2406 1832 2458 atque

339 2478 621 2532 voluptatibus
640 2476 827 2519 venereis
854 2489 943 2518 sese
965 2474 1178 2517 abstinere
1206 2473 1462 2516 iuberentur.
1521 2472 1654 2524 Quam
1672 2472 1717 2515 in
1742 2485 1832 2515 rem

340 2549 445 2590 nihil
474 2548 612 2602 aptius
641 2546 798 2589 adferri
819 2548 958 2601 potest
985 2559 1112 2601 quam
1128 2544 1415 2587 testimonium
1442 2543 1666 2587 Clementis
1682 2542 1831 2586 Strom.

340 2618 414 2669 III,
443 2622 468 2661 6
489 2631 527 2671 p.
550 2621 641 2669 5321,
675 2620 724 2660 16
741 2617 783 2658 Ρ.
814 2613 926 2674 φασὶ
958 2614 1006 2658 δὲ
1036 2613 1109 2657 καὶ
1139 2610 1341 2671 ἀθλητὰς
1370 2609 1448 2657 οὐκ
1479 2609 1655 2671 ὀλίγους
1684 2608 1830 2672 ἄφρο-

341 2683 492 2728 δισίων
523 2682 771 2739 ἀπέχεσθαι
803 2680 857 2728 δι’
890 2679 1074 2742 ἶίσκησιν
1104 2684 1357 2742 σωματικὴν
1381 2685 1828 2745 ἕγκρατευομὲνους*).

451 2840 485 2884 *)
518 2835 732 2884 Quamquam
759 2841 888 2874 Plinius
922 2840 956 2875 h.
988 2851 1019 2874 n.
1044 2838 1203 2881 XXVIII,
1234 2840 1275 2882 6,
1303 2841 1345 2873 58
1378 2841 1522 2874 athletas
1554 2847 1716 2884 torpentes
1746 2840 1830 2874 dixit

341 2912 453 2934 venere
471 2901 607 2934 restitui.
632 2899 764 2932 Eodem
785 2900 930 2943 pertinet
944 2897 1102 2943 Cyprian.
1119 2896 1226 2941 Epist.
1245 2897 1259 2930 1
1278 2909 1310 2941 p.
1331 2899 1350 2930 5
1364 2898 1433 2934 W.:
1453 2903 1590 2943 paratur
1608 2898 1829 2942 gladiatorius
