1962 3314
808 100 1188 158 ⁴—106-

280 228 457 271 tionem:
482 227 674 283 „Colligit
690 227 940 270 Plutarchus
960 228 1042 270 sic:
1069 227 1106 269 si
1127 226 1281 269 divinis
1307 225 1477 269 indiciis
1492 225 1609 282 (sunt
1632 227 1775 268 autem

281 299 441 350 divina,
472 313 743 354 quaecunque
773 313 799 341 a
828 302 982 341 natura
1003 298 1105 352 ipsa,
1132 297 1221 340 sine
1248 297 1458 340 industria
1487 299 1531 339 et
1558 295 1772 339 voluntate

282 368 498 411 hominum
539 368 752 419 eveniunt,
794 371 836 411 et
873 383 895 411 e
932 367 1084 423 quibus
1124 366 1328 410 divinatio
1358 367 1608 410 documenta
1634 365 1777 422 capit),

284 440 350 482 his
379 439 414 481 si
443 438 570 482 fidem
597 438 855 494 derogamus,
885 453 970 481 una
1005 438 1286 480 humanorum
1311 451 1476 492 quoque
1506 436 1634 479 fidem
1663 436 1774 479 tolli-

283 520 374 548 mus
404 505 665 547 indiciorum.
724 504 803 547 His
832 508 974 548 autem
1002 505 1037 547 si
1064 518 1148 546 non
1177 504 1278 546 licet
1306 503 1434 547 fidem
1465 504 1679 560 derogare,
1708 517 1773 546 re-

281 574 508 629 linquenda
541 574 669 616 etiam
695 572 848 616 divinis
879 577 976 618 est.“
1013 584 1015 586 ’
1043 573 1095 615 In
1132 587 1214 628 quo
1244 573 1352 615 nihil
1381 573 1517 616 habeo
1546 573 1659 629 quod
1687 573 1777 616 viro

282 643 450 699 egregio
471 642 669 698 refrager.
715 642 796 685 Sed
815 644 947 686 instat
973 656 1098 697 porro
1126 638 1211 685 alia
1231 642 1420 697 quaestio
1449 643 1582 686 multo
1600 643 1778 699 gravior,

281 714 453 769 quinam
480 712 652 756 tandem
680 713 764 755 sint
804 712 1014 755 discorum
1042 712 1114 754 isti
1145 712 1324 764 sonitus,
1363 712 1511 755 dextre
1539 712 1721 768 neglecti
1750 726 1778 756 a

285 783 468 834 Reiskio,
499 797 521 825 e
549 782 702 837 quibus
730 782 850 824 iuxta
878 796 972 824 cum
1002 780 1154 823 divinis
1183 780 1351 823 indiciis
1370 783 1542 823 certum
1569 778 1780 835 quoddam

284 855 347 897 rei
377 854 672 896 documentum
706 852 801 906 capi
833 865 955 906 posse
985 851 1139 893 dixisse
1168 854 1360 894 censetur
1388 850 1666 893 Plutarchus?
1703 849 1776 892 At-

282 939 362 979 que
388 923 493 965 illud
511 922 680 977 quidem
710 921 867 977 ambigi
889 935 972 963 non
1000 921 1210 964 immerito
1238 924 1423 974 poterat,
1452 924 1622 964 rectene
1644 919 1777 962 disco-

281 1003 375 1031 rum
404 990 564 1032 sonitus
593 988 771 1044 cogitari
799 991 971 1042 possent
1000 991 1082 1029 arte
1110 990 1278 1030 humana
1309 987 1456 1032 effecti.
1514 987 1607 1031 Non
1635 988 1780 1041 inepte

281 1056 394 1098 enim
429 1055 543 1098 haud
572 1054 699 1097 dubie
729 1054 886 1098 dixeris
923 1054 1035 1097 faces
1074 1069 1169 1097 cum
1206 1055 1342 1097 taedis
1370 1055 1616 1099 ardentibus
1643 1056 1777 1098 homi-

284 1136 385 1163 num
404 1122 596 1164 manibus
617 1124 867 1174 conparatas
887 1121 1175 1176 sublatasque,
1203 1122 1332 1164 veluti
1350 1123 1488 1165 nuntii
1514 1123 1782 1179 longinquius

281 1189 506 1232 celeriusve
536 1188 798 1244 propagandi
838 1202 986 1242 causa,
1025 1189 1253 1244 eodemque
1292 1190 1383 1232 iure
1425 1190 1580 1234 dixeris
1609 1205 1778 1247 gnomo-

282 1275 378 1303 nem
415 1261 597 1303 hominis
637 1261 817 1304 artificio
854 1262 915 1304 ita
953 1261 1133 1312 institui,
1174 1265 1222 1303 ut
1261 1263 1412 1306 umbra
1449 1263 1638 1307 umbilici
1673 1267 1777 1306 tem-

281 1331 395 1384 poris
435 1331 702 1387 significandi
747 1345 873 1373 causa
916 1335 1074 1373 certam
1103 1334 1146 1373 et
1175 1330 1393 1374 definitam
1421 1347 1660 1376 mensuram
1688 1332 1776 1376 effi-

281 1401 384 1454 ciat,
414 1416 560 1444 verum
589 1402 731 1456 ecquis
760 1416 947 1456 unquam
973 1401 1144 1444 rescivit
1173 1402 1356 1444 sonitum
1386 1402 1510 1455 disci,
1539 1403 1659 1459 quasi
1689 1417 1777 1446 mu-

288 1472 420 1514 sicum
466 1475 576 1514 esset
619 1472 965 1522 instrumentum,
1018 1472 1242 1515 cuiuslibet
1279 1472 1342 1514 rei
1382 1473 1677 1516 monstrandae
1715 1472 1782 1516 vel

283 1542 532 1585 indicandae
574 1542 713 1598 gratia
742 1541 968 1585 artificiose
997 1542 1200 1585 excitari?
1258 1542 1432 1585 Accedit
1468 1543 1549 1586 hoc
1587 1542 1779 1599 gravissi-

281 1624 413 1661 mum,
446 1609 557 1664 quod
587 1624 757 1664 prorsus
786 1610 1004 1665 ignoratur
1042 1609 1245 1664 quidnam
1276 1610 1446 1653 omnino
1476 1610 1685 1654 discorum
1713 1625 1775 1654 so-

284 1679 376 1720 nitu
405 1678 687 1734 significatum
713 1678 852 1722 fuerit.
911 1680 962 1721 In
991 1680 1214 1734 propatulo
1245 1683 1308 1723 est
1340 1681 1472 1732 enim,
1511 1680 1672 1725 discum
1697 1696 1781 1724 non

279 1750 404 1792 aliter
431 1764 553 1804 posse
583 1750 765 1792 sonitum
794 1750 940 1801 edere,
979 1750 1061 1792 nisi
1100 1750 1267 1805 quando
1305 1765 1398 1793 cum
1437 1752 1478 1793 vi
1506 1752 1680 1794 emissus
1710 1766 1775 1795 ce-

279 1819 417 1863 dentis
446 1820 555 1862 a‘eris
586 1820 810 1863 stridorem
839 1820 1050 1875 quendam
1078 1824 1204 1875 atque
1236 1821 1443 1874 crepitum
1472 1821 1639 1864 efficiat.
1668 1820 1776 1864 Nam

284 1902 409 1942 quem
438 1887 606 1930 mirifici
636 1888 762 1930 huius
785 1888 1003 1940 ‚discorum
1033 1888 1124 1930 soni
1156 1888 1395 1942 explicandi
1421 1903 1548 1932 causa
1564 1889 1781 1946 Xylandro

286 1971 455 2000 suasore
494 1957 691 1999 adferunt
729 1958 867 2000 locum
906 1973 959 2000 ex
991 1957 1072 2000 Cic.
1103 1958 1156 2001 de
1197 1962 1300 2001 orat.
1331 1958 1391 2010 II,
1422 1963 1469 2010 5,
1500 1963 1572 2003 21:
1623 1975 1711 2002 nam
1745 1964 1782 2003 et

283 2033 447 2072 saeculis
474 2033 611 2072 multis
639 2035 724 2073 ante
749 2035 954 2086 yymnasia
981 2035 1129 2074 inventa
1154 2037 1245 2074 sunt
1273 2047 1384 2088 quam
1416 2037 1458 2075 in
1487 2037 1540 2075 iis
1560 2036 1789 2090 philosophi

278 2105 436 2156 yarrire
465 2106 687 2156 coeperam
715 2107 751 2144 et
780 2105 848 2144 hoc
877 2106 961 2157 ipso
989 2108 1155 2158 tempore
1183 2118 1272 2145 aum
1311 2107 1438 2146 omnia
1462 2107 1668 2159 yymnaeia
1687 2107 1781 2160 phi·

279 2172 426 2224 {asophi
452 2173 621 2221 teneant,
651 2174 775 2212 tamen
805 2186 935 2213 eorum
965 2173 1158 2213 auditores
1189 2173 1388 2214 discum
1429 2174 1612 2215 audire
1642 2174 1783 2228 [quam

272 2241 613 2298 phi'loeophuon*)]
637 2243 796 2293 malunt,
826 2245 898 2296 qui
912 2245 1035 2284 simul
1050 2246 1095 2283 ut
1113 2245 1328 2297 increpuit,
1352 2246 1392 2284 in
1413 2244 1538 2285 media
1556 2246 1722 2286 aratione
1738 2245 1786 2286 de

279 2314 467 2353 maximis
490 2314 603 2353 rebus
622 2316 659 2353 et
675 2314 924 2366 gravissimis
944 2313 1203 2365 disputantem
1212 2314 1490 2366 philosophum
1502 2327 1628 2354 omnes
1641 2315 1784 2355 unctio-

279 2383 340 2422 nis
362 2395 475 2422 causa
495 2383 728 2435 relinquunt,
754 2381 790 2423 is
813 2381 896 2423 dici
915 2396 999 2424 non
1016 2383 1155 2435 potest
1173 2395 1301 2436 quam
1320 2381 1546 2425 infeliciter
1564 2382 1783 2438 adlegatus

285 2448 350 2491 sit.
381 2447 571 2501 Adparet
591 2448 703 2490 enim
723 2448 831 2490 nihil
850 2447 966 2490 aliud
988 2447 1221 2501 perspicuis
1242 2447 1309 2489 his
1326 2447 1538 2490 Ciceronis
1553 2449 1692 2492 verbis
1709 2448 1782 2492 de-

280 2517 441 2567 clarari,
461 2531 584 2571 quam
603 2517 834 2570 permultos
849 2531 948 2568 esse,
965 2517 1039 2572 qui
1059 2516 1279 2572 gymnasia
1292 2531 1419 2571 quam
1436 2517 1782 2572 philosophorum

282 2582 443 2624 scholas
464 2582 732 2637 frequentare
750 2586 1002 2636 praeoptent
1016 2586 1142 2637 atque
1159 2584 1391 2625 levissimam
1407 2585 1687 2626 delectationem
1696 2598 1786 2639 yra-

371 2758 401 2796 ·)
430 2755 525 2789 Haec
562 2757 702 2798 quidem
737 2758 807 2791 duo
845 2758 1037 2791 rectissime
1070 2768 1148 2791 mea
1182 2761 1373 2803 sententia,
1407 2760 1536 2803 quippe
1560 2769 1703 2803 prorsus
1728 2758 1780 2792 in-

280 2813 393 2855 utilia,
429 2813 591 2855 quoniam
626 2815 812 2857 praecedat
843 2826 952 2847 eorum
980 2815 1169 2856 auditores,
1205 2815 1422 2849 extrudenda
1455 2815 1682 2851 arbitrabatur
1711 2816 1779 2849 loa.

283 2871 377 2906 Bake
401 2872 617 2914 nuperrimus
643 2871 768 2906 horum
794 2872 961 2908 librorum
984 2873 1104 2907 editor.
