1962 3314
904 137 1190 177 -72-

308 239 421 288 εἶναι
445 245 673 301 quidquam
715 245 1027 299 probabilitatis
1065 246 1217 301 habet3
1253 245 1431 289 mirifica
1466 247 1579 290 enim
1617 259 1799 300 prorsus,

307 316 355 354 ut
389 313 584 368 equidem
622 313 776 364 sentio,
824 314 987 356 ratione
1031 313 1139 355 illud
1184 313 1228 357 ἐν
1266 312 1450 366 ἐκείνοις
1498 314 1681 368 positum
1720 317 1795 356 est.

309 386 457 440 Itaque
485 386 750 439 intemptatis
780 387 938 430 relictis
958 386 1168 440 prioribus
1197 386 1449 437 vulneribus,
1470 387 1515 428 in
1537 385 1693 441 quibus
1714 385 1797 428 iam

308 452 402 506 plus
428 452 529 494 satis
560 453 755 495 sudatum
785 457 867 504 est,
899 455 1098 508 quoniam
1127 453 1179 496 de
1203 454 1475 497 indubitabili
1508 457 1635 509 atque
1662 453 1795 496 omni-

310 518 395 564 bus
413 522 513 564 satis
540 522 703 565 factura
723 524 992 573 correctione,
1021 523 1102 565 nisi
1123 523 1290 578 quando
1308 523 1501 567 meliores
1520 524 1621 566 libri
1641 522 1799 577 reperti

310 591 484 642 fuerint,
513 591 820 645 desperandum
848 592 1029 643 videtur,
1057 592 1167 634 hanc
1190 592 1272 634 loci
1297 592 1633 635 emendationem
1661 605 1797 645 neque

309 661 496 715 ineptam
525 676 659 716 neque
687 663 957 705 temerariam
984 663 1119 704 visum
1144 662 1198 704 iri
1219 662 1474 716 speraverim
1505 657 1528 704 ὁ
1550 661 1632 718 γὰρ
1655 659 1799 717 λαγώς

309 733 531 787 μεγέθους
560 730 677 776 ἔοικε
709 733 781 776 καὶ
815 731 1034 787 πάχους
1064 733 1255 790 ἐνδεὴς
1286 729 1411 785 &vag
1440 729 1602 777 εἶναι.
1662 734 1799 787 Lepus

311 802 433 854 enim,
455 802 490 844 si
509 802 748 845 discesseris
767 802 818 845 de
838 803 1128 858 magnitudine
1151 806 1194 846 et
1214 803 1483 858 corpulentia,
1502 806 1615 845 totus
1634 802 1800 845 videtur

311 887 400 915 esse
429 874 586 925 asinus,
616 874 682 916 cui
711 888 942 927 conparare
972 874 1119 916 licebit
1147 874 1330 917 Plinium
1358 875 1399 917 h.
1422 890 1461 918 n.
1496 874 1572 925 XI,
1599 877 1664 925 37,
1692 877 1798 917 212:

311 943 517 998 quaedam
534 959 615 986 non
635 945 922 1005 pinguescunt,
952 948 1000 986 ut
1018 945 1148 999 lepus,
1181 945 1340 999 perdiX,
1370 946 1521 1000 quibus
1549 945 1801 987 conveniunt

313 1028 419 1069 quae
437 1014 488 1057 de
509 1015 607 1058 sebo
630 1015 793 1057 asinino
825 1015 1029 1057 docentur
1049 1015 1248 1066 XXVIII,
1281 1018 1366 1066 187,
1388 1019 1480 1066 245,
1504 1018 1596 1066 250,
1617 1018 1695 1058 261
1721 1017 1798 1057 etc.

313 1085 445 1135 Quam
475 1089 573 1139 apte
602 1090 744 1129 autem
778 1085 918 1139 πάχος
950 1086 1115 1128 dicatur
1146 1085 1198 1129 de
1226 1086 1360 1137 asino,
1390 1086 1463 1140 qui
1489 1100 1574 1127 una
1600 1099 1695 1127 cum
1723 1098 1798 1127 ove

312 1157 497 1198 omnium
525 1157 770 1199 animalium
803 1156 1028 1199 denotatur
1060 1155 1343 1206 νωθέστατος
1361 1155 1414 1198 ab
1441 1154 1616 1198 Aeliano
1637 1153 1675 1197 d.
1699 1168 1738 1195 n.
1763 1167 1799 1195 a.

311 1222 403 1274 VII,
440 1227 499 1274 19,
529 1238 611 1266 non
643 1239 746 1278 opus
775 1227 839 1267 est
866 1224 1060 1277 pluribus
1090 1237 1309 1278 exponere.

423 1289 561 1332 Missis
590 1291 657 1333 his
688 1291 920 1346 nugatoriis
949 1290 1126 1332 fortasse
1157 1290 1414 1340 commentis,
1443 1289 1680 1349 proximum
1701 1303 1796 1331 con—

312 1360 379 1399 tra
417 1358 555 1400 locum
588 1363 703 1402 certa
740 1359 1044 1413 propemodum
1095 1359 1257 1402 ratione
1299 1359 1403 1400 mihi
1444 1359 1638 1412 supplere
1679 1372 1800 1412 posse

311 1426 465 1471 videor.
505 1428 556 1469 In
586 1429 839 1472 editionibus
868 1429 1087 1484 leguntur:
1119 1428 1169 1471 τὸ
1203 1429 1250 1472 δὲ
1283 1427 1399 1471 ὕειον
1426 1430 1556 1487 κρέας
1584 1426 1626 1471 οἱ
1647 1423 1803 1486 ἄνδρες

313 1493 621 1554 ἀφοσιοῦσθαι
653 1500 882 1553 δοκοῦσιν,
924 1498 994 1543 ὅτι
1022 1499 1217 1556 μάλιστα
1259 1498 1682 1560 οἶ**βάρβαροι
1720 1500 1800 1552 τὰς

313 1563 567 1617 ἐπιλευκίας
606 1566 680 1610 καὶ
716 1567 886 1626 λέπρας
927 1567 1260 1627 δυσχεραίνουσι
1300 1569 1373 1613 καὶ
1402 1572 1456 1629 τῆ
1486 1570 1719 1628 προσβολῇ
1746 1566 1801 1612 ’τὰ

312 1637 496 1678 ’τοιαῦτα
532 1635 943 1692 καταβόσκεσθαι*)
993 1637 1122 1697 πάθη
1165 1639 1268 1691 τοὺς
1303 1636 1574 1698 ἀνθρώπους
1615 1638 1798 1684 οἴονται.

312 1704 362 1746 In
391 1705 456 1748 his
475 1707 583 1748 nihil
612 1707 893 1751 adtenderunt
913 1709 1094 1752 editores
1124 1710 1177 1752 ad
1196 1709 1390 1752 lacunam
1416 1711 1588 1765 quaein
1607 1710 1800 1753 omnibus

311 1774 514 1825 quantum
542 1773 624 1815 scio
640 1774 852 1816 codicibus
880 1775 1030 1817 relicta
1059 1778 1123 1818 est
1142 1775 1253 1818 inter
1285 1773 1324 1817 oi
1344 1773 1579 1832 βάρβαροι.
1620 1775 1797 1820 Necesse

311 1843 374 1881 est
410 1843 550 1882 autem
590 1856 616 1883 a
643 1842 868 1885 Plutarcho
909 1847 1070 1886 certum
1109 1843 1316 1900 quoddam
1355 1845 1631 1887 barbarorum
1668 1859 1799 1900 genus

310 1912 676 1950 commemoratum
718 1924 825 1961 esse,
865 1911 977 1966 quod
1014 1911 1153 1965 lepras
1194 1916 1364 1955 maxime
1404 1912 1539 1955 odisse
1579 1915 1799 1956 constaret.

310 1975 430 2018 Hanc
460 1977 511 2019 ob
542 1993 708 2021 causam
743 1980 805 2023 ita
831 1981 969 2023 locum
998 1982 1373 2038 redintegraverim
1413 1980 1481 2025 ὅτι
1515 1980 1709 2037 μάλιστα
1740 1982 1792 2027 οὶ

305 2039 556 2087 Ἀσιανοὶ
592 2044 816 2105 βάρβαροι
843 2046 921 2099 τὰς
963 2047 1219 2100 ἐπιλευκίας
1258 2049 1332 2092 καὶ
1361 2049 1530 2107 λέπρας
1563 2050 1795 2104 δυσχεραιέ

311 2128 456 2166 voum,
498 2115 609 2169 quod
649 2131 775 2170 quam
813 2132 908 2160 vere
949 2119 1182 2161 coniectum
1219 2119 1274 2160 sit
1309 2134 1361 2161 ex
1401 2119 1604 2173 appositis
1631 2119 1797 2162 Aeliani

309 2183 446 2225 verbis
475 2184 683 2239 conligere
713 2185 812 2228 licet
839 2185 937 2228 (1.11.
961 2201 996 2229 a.
1022 2187 1072 2238 X,
1098 2190 1147 2230 16
1178 2183 1324 2230 ιῖκοὺω
1356 2187 1403 2230 δὲ
1433 2185 1507 2246 καὶ
1538 2187 1799 2230 Μανέθωνα

401 2354 433 2398 *)
468 2357 569 2391 Pselli
609 2358 708 2392 locus
748 2360 782 2392 in
814 2360 935 2394 multis.
972 2361 1079 2394 doctr.
1115 2369 1147 2402 q.
1183 2360 1224 2394 87
1260 2357 1353 2393 διότι
1385 2356 1423 2393 τὸ
1458 2359 1497 2393 ἐν
1527 2357 1618 2404 ἡμῖν
1656 2359 1799 2407 θερμὸν

310 2419 456 2462 πρῶτον
479 2417 550 2463 μὲν
574 2416 917 2462 καταβόσκεται
942 2417 988 2454 τὸ
1017 2420 1064 2454 ἐν
1088 2415 1275 2465 σώματι.
1304 2415 1586 2463 περισσεύει
1611 2421 1738 2463 (sic!)‚
1765 2422 1799 2455 in

311 2474 435 2515 quibus
449 2485 510 2517 pro
528 2473 735 2520 περισσεύει,
760 2477 1000 2519 refingendum
1017 2477 1111 2510 suasi
1138 2478 1352 2522 περισσεῡο
1366 2488 1396 2519 ν,
1424 2486 1516 2509 nuuc
1541 2487 1582 2509 ex
1602 2475 1798 2513 vsu-cassio

311 2533 551 2567 Bussemakcri
579 2536 611 2568 in
627 2537 800 2578 personati
817 2538 918 2572 Arist.
937 2536 1049 2572 l’robl.
1067 2547 1099 2579 p.
1119 2537 1198 2579 332,
1219 2537 1237 2569 7
1258 2537 1430 2579 aliquanto
1455 2536 1588 2580 plenior
1612 2537 1684 2571 dari
1701 2543 1799 2581 pote-

314 2589 351 2620 rit
369 2589 400 2621 in
416 2588 507 2622 hunc
528 2592 688 2625 modum:
707 2589 798 2626 διότι
823 2591 861 2626 τὸ
883 2594 922 2626 ἐν
940 2590 1030 2636 ἡμῖν
1056 2591 1200 2639 θερμὸν
1215 2587 1360 2639 πρῶτον
1376 2594 1447 2639 μὲν
1466 2591 1726 2638 καταβόσκεται
1760 2593 1798 2629 τὸ
1852 2593 1854 2595 ’

313 2647 352 2680 ἐν
376 2649 423 2690 τῷ
450 2645 587 2693 σώματι
618 2647 781 2695 ὑγρόν,
808 2648 921 2697 ὅπερ
945 2648 1034 2685 ἀπὸ
1069 2652 1155 2684 τῶν
1182 2647 1546 2696 ὑπολειμμάτων
1569 2652 1644 2694 τῆς
1667 2651 1715 2685 ἐν
1743 2653 1800 2695 τῷ

311 2699 486 2748 σώματι
521 2708 696 2750 τροφῆς
719 2703 985 2753 περισσεύει
1021 2708 1094 2740 κτλ.
1144 2705 1256 2739 Causa
1288 2707 1488 2740 omissionis
1519 2707 1552 2739 in
1583 2711 1698 2749 aperto
1733 2711 1796 2742 est.

312 2759 363 2792 Ad
383 2761 525 2794 verbum
549 2761 842 2806 καηιβόσκεσῧ-αι
866 2769 1039 2807 praeterea
1067 2763 1299 2796 conserendus
1319 2767 1371 2797 est
1389 2762 1498 2797 Clem.
1517 2763 1613 2796 Alex.
1633 2764 1797 2806 Protrept.

311 2828 343 2860 p.
371 2820 404 2860 6,
432 2819 474 2851 20
501 2824 606 2853 κακία
631 2822 702 2866 μὲν
726 2821 798 2870 γὰρ
832 2822 896 2866 τὴν
926 2818 1137 2867 ἀνθρώπων
1170 2818 1399 2865 ἕπιβόσκεται
1425 2818 1597 2870 φθοράν,
1631 2826 1732 2866 alque
1751 2822 1796 2856 si-

310 2878 380 2911 mili
406 2879 438 2911 ni
463 2879 560 2914 fallor
583 2883 777 2925 significatu
803 2883 1008 2927 aliquotiens
1033 2882 1158 2925 legitur
1182 2883 1273 2924 apud
1299 2882 1496 2928 Byzantios.
