1962 3314
875 117 1182 158 -104—

297 231 352 274 sit
378 229 620 284 pervolgato
650 227 863 279 schemati,
893 225 1005 282 quod
1033 228 1278 279 nuncupant
1295 229 1449 280 partem
1464 239 1541 279 pro
1562 227 1644 274 toto,
1673 235 1797 265 nemo

298 303 411 343 certe
449 298 719 341 Plutarchum
759 297 947 339 dicturus
989 299 1052 338 est
1086 295 1214 337 nimis
1252 295 1412 338 urbane
1440 293 1680 337 blanditum
1709 307 1799 336 esse

299 371 365 414 vel
399 369 634 412 sublimiter
671 368 1025 423 philosophatum.
1085 365 1167 410 Sed
1199 380 1267 409 res
1305 366 1419 409 salva
1456 369 1541 419 est3
1584 379 1799 420 nunquam

301 440 413 483 enim
443 437 626 481 adducor
665 442 713 479 ut
752 438 966 489 hominem
1003 451 1201 493 graecum
1236 440 1325 479 tam
1361 436 1589 479 inhumane
1630 438 1801 490 tamque

302 525 452 564 parum
479 509 693 564 eleganter
725 509 920 564 cuiquam
946 508 1222 551 conviciatum
1250 507 1378 550 fuisse
1409 507 1596 558 credam,
1639 507 1711 562 qui
1738 506 1805 550 vel

309 582 374 623 ira
403 580 516 622 inter
546 578 771 622 dicendum
801 579 1105 630 effervescente,
1136 578 1358 621 ventriculi
1387 578 1555 621 nomine
1581 591 1680 621 usus
1713 577 1800 620 fue-

303 648 360 689 rit
388 646 442 689 ad
472 647 745 689 contumelias
772 648 1029 701 petulantius
1061 647 1278 690 iactandas
1306 648 1351 689 in
1376 648 1590 690 hominem
1611 647 1801 703 quisquis

307 717 444 768 fuerit,
474 716 774 771 philosophum
798 717 864 760 vel
893 732 977 760 non
1003 717 1311 772 philosophum.
1369 716 1504 772 quue
1543 717 1647 761 scite
1675 716 1797 760 intel-

307 784 456 827 lexisse
486 783 683 826 videntur
711 783 784 837 qui
823 779 1036 838 στόμαχοι
1077 797 1153 837 pro
1191 785 1389 837 corrupto
1429 782 1654 826 habebant.
1721 781 1804 825 Sed

307 866 441 906 neque
469 851 770 907 Wyttenbachi
800 849 1024 903 στωμύλοι
1052 854 1150 906 apte
1179 851 1419 894 adhibitum
1444 850 1608 894 videtur
1633 850 1685 894 de
1705 864 1799 893 con-

310 919 502 962 tentiosis
529 918 801 973 philosophis,
831 918 904 972 qui
934 918 1218 972 sophistarum
1241 919 1376 961 instar
1399 918 1489 974 (cfr.
1511 918 1615 961 Plut.
1636 918 1801 961 Themi·

309 989 425 1032 stocl.
455 1003 487 1031 0.
522 991 563 1043 2)
595 987 1224 1043 contortis·interrogationibus
1253 991 1327 1030 aut
1351 987 1698 1030 conclusiunculis
1727 986 1802 1030 fal-

307 1058 467 1101 lacibus
496 1057 710 1100 auditores
739 1058 901 1100 retibus
929 1058 1049 1114 quasi
1077 1058 1288 1101 involvere
1318 1058 1563 1101 nitebantur
1593 1058 1681 1112 (cfr.
1705 1057 1802 1101 Gre-

310 1124 452 1167 sollius
481 1124 634 1167 theatr.
656 1129 734 1169 vet.
756 1125 863 1168 rhet.
894 1125 937 1167 II
958 1139 997 1179 p.
1022 1128 1098 1169 118
1111 1126 1224 1183 Ρ.)*),
1252 1141 1387 1181 neque
1418 1126 1603 1170 eiusdem
1634 1126 1808 1170 editoris

310 1195 484 1248 suspitio
516 1192 562 1237 αἱ
592 1196 798 1238 τοιαῦται
820 1193 1082 1250 σκιαμαχίαι
1108 1196 1197 1253 (cfr.
1221 1197 1326 1240 Plut.
1345 1197 1435 1254 adv,v
1460 1197 1587 1240 Colot.
1606 1211 1643 1252 p.
1663 1202 1808 1242 1114a

312 1263 350 1307 εἰ
378 1264 437 1323 μὴ
462 1264 683 1320 βούλεσθε
715 1269 861 1317 κεναῖς
889 1270 1060 1323 φωναῖς
1090 1267 1194 1326 περὶ
1223 1269 1348 1310 κενοῦ
1373 1269 1594 1326 χρῆσθαι,
1639 1283 1801 1310 σκια-

312 1351 343 1388 μ
359 1352 384 1377 α
396 1336 498 1387 χοῦ
507 1352 627 1387 ντες
671 1333 781 1394 πρὸς
824 1334 928 1386 τοὺς
967 1332 1177 1393 ἇρχαιόυς
1215 1337 1320 1381 00111.
1349 1351 1388 1391 p.
1420 1336 1557 1393 900f)
1593 1335 1808 1380 commode

313 1407 410 1447 ante
439 1406 522 1447 τῶν
554 1403 815 1463 ἐρωτώντων
854 1408 963 1448 stare
993 1406 1148 1459 potuit⁷
1188 1406 1415 1462 eademque
1455 1421 1582 1449 causa
1617 1409 1698 1458 est,
1734 1420 1810 1466 cnr

316 1475 528 1518 Meziriaci
555 1474 862 1532 λεπτολογίαι,
903 1476 1015 1531 quod
1045 1477 1098 1519 ad
1136 1477 1387 1521 sententiam
1420 1477 1525 1520 adeo
1565 1477 1654 1520 veri
1694 1477 1806 1519 simi-

319 1546 400 1588 lius
437 1545 719 1601 excogitatum
757 1545 891 1588 videri
926 1546 1078 1600 possit,
1119 1546 1378 1590 reiciendum
1417 1560 1506 1589 esse
1545 1545 1809 1589 crediderim.

320 1613 524 1668 Equidem
563 1628 609 1655 re
650 1612 849 1655 adcurate
888 1627 1095 1667 perpensa
1127 1628 1212 1655 non
1241 1612 1386 1656 dubito
1430 1613 1533 1667 quin
1567 1611 1682 1655 aliud
1707 1611 1811 1667 quid

315 1682 504 1736 posuerit
529 1681 779 1724 Plutarchus
821 1684 864 1724 et
893 1681 994 1724 olim
1022 1681 1077 1724 ad
1107 1680 1360 1724 sententiam
1394 1682 1570 1734 perapte
1608 1679 1811 1734 scriptum

315 1748 442 1790 fuerit
473 1743 597 1791 οὐδὲν
625 1746 707 1807 γὰρ
740 1748 782 1791 οὶ
811 1749 1009 1790 τοιοῦτοι
1040 1742 1363 1804 λογομάχοι
1394 1747 1660 1805 διαφέρουσι
1678 1782 1686 1798 ‚
1715 1748 1806 1803 qui-

316 1817 393 1860 bus
423 1832 604 1871 conparo
632 1821 802 1872 praeter
830 1833 881 1860 ea
898 1833 1005 1873 quae
1032 1818 1176 1862 adlata
1194 1822 1291 1861 sunt
1311 1833 1337 1861 a
1361 1817 1578 1861 Dindorfio
1606 1818 1652 1860 in
1667 1817 1810 1873 Steph.

317 1886 435 1929 Thes.
453 1900 482 1929 S.
499 1886 664 1937 v.,Plat.
682 1885 939 1940 Timffp.88a
966 1884 1148 1939 ὁιδαχάς
1177 1880 1212 1928 τ’
1236 1879 1291 1928 αὖ
1323 1883 1397 1927 καὶ
1424 1883 1568 1939 μάχας
1597 1882 1642 1927 ἐν
1662 1882 1813 1941 λόγοις

250 1990 252 1994 .
318 1957 566 2006 ποιεῖσθαι,
599 1953 750 1997 Conon.
782 1969 893 1996 narr.
925 1955 978 1998 38
1007 1950 1066 2005 ὠς
1097 1954 1144 1997 δὲ·
1170 1953 1282 2008 μετὰ
1314 1951 1480 2008 πολλὴν
1509 1950 1600 2011 ἔριν
1631 1951 1706 1995 καὶ
1733 1951 1811 1995 λο-

320 2022 532 2081 γομαχίαν
562 2021 584 2066 ὁ
620 2024 844 2081 Μιλήσιος
873 2021 935 2076 εἷς
966 2023 1097 2084 ὅρκον
1129 2023 1202 2067 τὸν
1232 2020 1467 2067 ἀδικοῦντα
1496 2019 1806 2082 προύκαλεῖτο,

321 2096 451 2149 Epist.
491 2095 544 2138 ad
578 2095 758 2141 Timoth.
785 2096 823 2147 I,
855 2099 891 2147 6,
923 2100 948 2139 4
976 2096 1110 2151 μηδὲν
1155 2090 1474 2148 ἐπιστάμενος,
1518 2089 1633 2136 ἀλλὰ
1672 2093 1812 2137 νοσῶν

323 2160 422 2218 περὶ
455 2159 652 2218 ζητήσεις
679 2159 751 2204 καὶ
780 2159 1051 2218 λογομαχίας
1077 2164 1120 2203 et
1146 2176 1252 2216 quae
1282 2176 1334 2204 ex
1363 2160 1590 2204 serioribus
1619 2159 1674 2202 ad
1702 2160 1814 2202 1111110

318 2231 455 2273 10011111
473 2231 594 2274 docte
614 2231 824 2286 congessit
838 2230 1065 2273 Wettstein
1077 2264 1086 2282 ,
1114 2228 1243 2272 veluti
1259 2228 1386 2273 Mich.
1408 2226 1593 2282 Apostol.
1611 2225 1724 2276 XIV,
1757 2228 1810 2269 62

322 2296 515 2352 πόλεμός
544 2314 610 2349 τις
639 2294 851 2356 ἇσίδηρος
891 2293 973 2339 civo}
1013 2297 1089 2354 τὴν
1113 2293 1302 2338 Ἑλλάδα
1347 2292 1591 2352 κεκίνηταιε
1625 2293 1701 2338 ἐπὶ
1731 2293 1813 2336 τῶν

320 2366 459 2425 λόγων
491 2370 762 2424 μαχομένων·
817 2366 930 2411 οὕτω
971 2366 1054 2426 γὰρ
1095 2365 1205 2418 ἔθος
1245 2369 1336 2417 τοῖς
1374 2368 1535 2423 σοφοῖς
1580 2361 1812 2420 μάχεσθαι

325 2437 435 2496 πρὸς
477 2435 693 2496 ἀλλήλους
737 2443 814 2482 etc.
874 2438 1007 2492 Super
1050 2441 1142 2480 erat
1187 2437 1232 2479 in
1275 2436 1418 2479 codice
1462 2435 1692 2490 archetypo
1721 2468 1730 2476 .
1764 2470 1772 2479 .
1803 2467 1812 2476 .

327 2511 346 2547 Ι
352 2509 629 2550 ‘OMAMM
633 2543 643 2561 ,
677 2509 785 2552 unde
815 2507 1043 2552 monachus
1071 2508 1240 2564 gulosus
1269 2507 1394 2550 homo
1434 2510 1478 2549 et
1504 2509 1552 2549 ut
1579 2506 1709 2549 sacris
1733 2505 1810 2548 mi-

423 2632 455 2673 *)
489 2637 533 2668 ita
550 2637 647 2669 Anna
664 2634 842 2670 Comnena
859 2637 951 2671 Alex.
962 2636 1006 2679 V,
1025 2638 1045 2671 8
1070 2647 1102 2680 p.
1122 2636 1209 2678 259,
1233 2637 1252 2669 3
1279 2636 1323 2669 de
1347 2636 1489 2678 Latino,
1514 2635 1695 2669 Michaelis
1711 2634 1814 2668 Pselli

322 2693 473 2735 aequali,
509 2695 590 2727 dixit
624 2693 836 2740 Russoex‘h'mac
867 2696 908 2730 δὲ
940 2698 981 2743 τῇ
1015 2696 1221 2742 διαλεκτικῇ
1254 2692 1527 2741 μεθημερινοὺς
1558 2691 1740 2739 θορύβους
1774 2694 1814 2726 ἐν

322 2748 531 2796 πανδήμοις
557 2750 810 2789 συνελεύσεσιν
837 2755 1005 2797 ἐποιεῖτο,
1034 2751 1250 2799 σοφιστικὰς
1277 2756 1456 2798 συνείρων
1485 2752 1702 2796 ἕρεσχελίας,
1730 2761 1811 2783 van-

323 2811 472 2852 demque
493 2813 677 2845 verborum
702 2813 935 2846 velitationem
960 2812 1177 2855 exprobravit
1203 2810 1372 2854 sophistis
1391 2810 1507 2844 ioann.
1522 2808 1700 2854 Chrysost.
1715 2808 1760 2841 de
1776 2806 1814 2840 S.

323 2869 451 2914 Babylo.
475 2880 507 2912 p.
533 2870 611 2911 215,
638 2872 658 2901 9
685 2874 743 2904 καὶ
770 2868 891 2917 λόγων
915 2867 1055 2918 ἄμαχοι
1079 2873 1264 2916 σοφισταί.
