1962 3314
904 132 1180 175 -68-

692 241 738 286 ἐν
767 246 823 301 γᾷ
849 244 967 302 τᾷδε,
1000 246 1095 302 φεῦ,

689 310 755 355 ἶὸν
788 310 855 356 ἰὸν
885 311 1088 356 ἀντιπεν-

690 381 755 435 θῆ
782 382 974 434 μεθεῖσα
1005 376 1192 437 καρδίας

692 446 943 503 σταλαγμὸν
977 443 1160 500 χθόνιον
1190 440 1375 505 ἄφορον,

300 553 352 581 ne
381 542 568 592 repetam
597 554 703 594 quae
733 539 966 582 Lobeckius
994 539 1022 583 l.
1052 539 1078 583 l.
1121 554 1142 582 e
1183 539 1312 582 Suida
1350 555 1381 584 s.
1421 541 1575 597 Θέλγει
1616 540 1792 595 aliisque

300 607 572 661 scriptoribus
588 608 765 662 protulit
785 608 835 650 de
858 608 937 650 hoc
960 608 1267 666 superstitionis
1290 623 1452 664 genere,
1474 624 1526 652 ex
1543 609 1703 651 ultimis
1718 623 1790 651 an-

298 677 509 732 tiquitatis
534 679 721 722 tenebris
749 678 803 720 ad
841 681 1026 720 nostram
1065 693 1195 733 usque
1233 682 1414 722 aetatem
1440 682 1690 735 propagato,
1709 692 1791 734 quo

298 743 460 787 alienae
479 760 676 801 agrorum
695 745 889 788 felicitati
908 745 1082 788 insidias
1111 746 1216 788 strui
1232 760 1351 800 posse
1374 750 1417 790 et
1437 747 1537 790 olim
1562 747 1793 790 credebant

299 817 342 856 et
369 814 495 858 hodie
531 814 707 857 credunt
731 815 940 866 aniculae,
970 829 1053 869 qua
1082 814 1133 859 de
1171 830 1217 858 re
1256 816 1449 870 inprimis
1485 815 1689 860 videndus
1727 819 1792 859 est

297 880 328 922 I.
359 881 521 923 Grimm
550 882 678 937 myth.
713 898 839 938 germ.
880 897 919 936 p.
961 886 1067 927 1026
1099 886 1141 926 et
1173 888 1292 928 1040.
1362 884 1444 928 Sed
1479 885 1581 941 quid
1616 885 1789 929 tandem

296 952 538 1002 portentoso
567 950 641 992 illo
673 949 782 1007 θείῳ
811 949 1049 1006 faciendum
1079 954 1173 993 est?
1231 951 1438 1007 Equidem
1471 953 1580 996 nihil
1619 956 1783 996 mutan-

297 1016 396 1059 dum
422 1017 560 1060 iudico
600 1022 772 1071 praeter
798 1032 925 1059 unam
964 1011 1172 1070 litteram,
1211 1019 1365 1061 etenim
1402 1033 1479 1072 pro
1515 1018 1690 1060 ΘΕΙΩΙ
1713 1031 1785 1072 po-

295 1084 479 1127 nendum
508 1088 678 1127 autumo
716 1085 924 1134 ΛἘΙΩΝ,
957 1085 1030 1139 qui
1056 1086 1272 1141 genetivus
1301 1100 1525 1140 suspensus
1555 1090 1620 1129 est
1639 1090 1665 1129 a
1689 1099 1785 1140 par-

293 1152 438 1205 ticipio
476 1156 686 1207 utcunque
717 1152 925 1195 scribitur.
991 1153 1101 1196 Hinc
1140 1156 1348 1198 sententia
1377 1155 1571 1198 omnibus
1597 1155 1788 1209 partibus

293 1221 512 1275 aptissima
550 1221 688 1264 evadit
724 1221 846 1272 haec,
890 1221 1110 1265 Telchinas
1153 1222 1321 1279 Stygiae
1360 1239 1494 1279 aquae
1533 1224 1787 1280 adspergine

293 1292 534 1331 excantasse
575 1289 743 1331 novales
784 1288 1106 1342 Rhodiensium,
1146 1305 1253 1345 quae
1287 1292 1322 1334 si
1362 1293 1455 1347 quis
1495 1293 1786 1346 conparaverit

293 1372 388 1399 cum
410 1357 706 1400 inlustrissimo
736 1358 910 1400 Hesiodi
937 1360 1177 1402 testimonio
1205 1361 1250 1402 in
1275 1361 1349 1415 Op.
1381 1365 1463 1406 464

589 1454 704 1505 νειὸς
734 1450 943 1513 ἀλεξιάρη
976 1454 1150 1499 παίδων
1182 1452 1481 1514 εὐκηλήτειρα,

292 1550 328 1593 is
353 1564 523 1605 prorsus
550 1551 671 1594 nobis
700 1551 976 1603 adsentietur,
1014 1552 1121 1594 nihil
1161 1552 1340 1607 amplius
1380 1568 1468 1596 esse
1497 1554 1543 1596 in
1570 1553 1788 1598 Strabonis

287 1618 378 1660 loco
400 1618 511 1674 quod
531 1619 785 1661 dubitationi
812 1620 1038 1661 obnoxium
1066 1621 1133 1664 sit.
1172 1620 1263 1663 Hoc
1292 1635 1422 1664 unum
1451 1621 1606 1664 addam
1632 1620 1746 1664 νειό
1762 1639 1784 1672 ς

288 1689 615 1745 intellegendum
652 1704 739 1732 esse
780 1704 863 1731 non
892 1693 980 1732 tam
1009 1690 1061 1733 de
1089 1690 1202 1733 arvis
1229 1705 1336 1746 quae
1366 1694 1588 1733 ‘internus-sa
1626 1693 1782 1733 cultura

287 1759 457 1814 aliquod
495 1774 572 1814 per
598 1763 763 1814 tempus
802 1761 1057 1815 quieverint,
1097 1775 1222 1816 quam
1252 1761 1304 1804 de
1325 1765 1467 1811 terra,
1508 1776 1616 1816 quae
1653 1761 1783 1805 veluti

289 1841 409 1870 caesa
435 1831 575 1870 vetere
612 1828 716 1870 silva
742 1843 960 1883 nunquam
1000 1832 1097 1871 ante
1137 1833 1312 1882 experta
1353 1829 1408 1871 sit
1435 1843 1645 1872 vomerem
1681 1829 1782 1885 (cfr.

288 1896 391 1939 Plin.
410 1897 449 1939 h.
479 1913 518 1941 n.
544 1897 678 1949 XVII,
699 1903 735 1949 5,
756 1901 809 1942 39
840 1898 937 1940 talis
963 1898 1050 1941 fere
1081 1903 1144 1941 est
1163 1901 1318 1955 (terrae
1340 1899 1460 1956 odor)
1491 1900 1536 1942 in
1564 1901 1783 1944 novalibus

288 1982 408 2010 caesa
425 1971 563 2010 vetere
587 1968 700 2020 silva,
721 1971 764 2010 et
786 1967 1064 2011 Clioerobosci
1083 1969 1268 2024 orthogr.
1290 1983 1356 2022 ap.
1369 1969 1611 2012 Cramerum
1627 1969 1781 2013 Anecd.

287 2035 416 2079 Oxon.
446 2036 489 2077 II
517 2050 556 2090 p.
589 2039 666 2079 241
701 2050 730 2078 s.
761 2051 796 2078 v.
829 2033 966 2085 νειός·
1011 2034 1216 2093 σημαίνει
1254 2037 1301 2078 δὲ
1340 2035 1416 2094 τὴν
1452 2032 1772 2095 ἅνανεουμένην

288 2106 401 2159 γῆν),
430 2103 495 2146 vel
525 2103 577 2146 de
608 2103 742 2157 pratis
782 2117 887 2158 quae
918 2102 1131 2145 interdum
1158 2103 1360 2147 frumenti
1389 2118 1515 2146 causa
1540 2108 1776 2156 exarantur,

284 2176 392 2230 quia,
422 2180 469 2218 ut
497 2180 642 2218 auctor
673 2180 737 2219 est
767 2176 996 2219 Columella
1018 2175 1072 2227 ΙΙ,
1098 2180 1146 2220 19
1168 2177 1268 2232 (18),
1291 2181 1327 2228 3,
1356 2177 1455 2220 talis
1482 2191 1593 2232 ager,
1623 2191 1775 2220 novam

285 2244 405 2297 quasi
433 2244 562 2287 vitam
592 2244 840 2298 auspicatus,
870 2247 965 2296 post
993 2243 1162 2298 longam
1193 2243 1397 2286 desidiam
1420 2244 1615 2286 laetiores
1641 2243 1779 2287 adfert

286 2316 455 2366 segetes
483 2316 530 2353 ut
558 2315 670 2354 recte
701 2326 851 2367 graece
882 2311 965 2353 dici
994 2311 1180 2365 potuerit
1210 2308 1272 2362 εἰς
1295 2311 1412 2354 νειὸν
1442 2307 1617 2369 ἀρόσαι,
1648 2312 1778 2355 veluti

284 2380 395 2433 apud
423 2381 550 2435 Geop.
579 2381 654 2433 III,
682 2386 717 2433 6,
750 2386 785 2425 7.
845 2380 895 2422 In
920 2381 1122 2435 proximis
1148 2396 1242 2423 cum
1270 2381 1316 2423 in
1344 2381 1535 2425 omnibus
1564 2381 1777 2426 codicibus
1842 2402 1848 2408 ·

283 2448 446 2503 legatur
476 2450 812 2508 και-(ιρρέοντας,
851 2451 1093 2493 restitutum
1121 2450 1202 2493 hoc
1232 2453 1296 2493 est
1321 2465 1347 2492 a
1374 2451 1579 2494 Kramero
1607 2466 1686 2505 pro
1714 2467 1778 2495 re-

284 2520 516 2561 centiorum
534 2521 790 2563 correctione
812 2518 1188 2578 καταρραίνοντας
1216 2519 1539 2576 dubitanterque
1560 2521 1778 2565 defensum

285 2603 312 2630 a
339 2590 546 2633 Meinekio
585 2591 629 2631 in
660 2590 785 2634 Vind.
826 2589 1017 2632 Strabon.
1057 2603 1095 2643 p.
1126 2593 1219 2634 224.
1278 2590 1352 2642 At,
1395 2591 1430 2633 si
1470 2605 1615 2633 verum
1654 2592 1778 2635 fateri

283 2660 480 2711 volumus,
507 2660 832 2719 καταρρέονιας
860 2661 913 2703 ab
943 2675 1021 2703 usu
1041 2674 1191 2714 parum
1209 2660 1401 2704 firmatur
1431 2662 1627 2705 etaltera
1652 2663 1776 2706 lectio

282 2730 369 2772 fere
386 2731 578 2781 omnium,
597 2731 669 2784 qui
690 2731 735 2772 in
751 2731 831 2772 hac
847 2730 1163 2782 narratiuncula
1177 2731 1327 2787 legisse
1346 2731 1541 2774 videntur
1560 2732 1778 2777 Strabonis

281 2801 465 2855 vestigia,
495 2815 696 2843 consensu
722 2802 915 2855 inprimis
944 2801 1268 2845 commendatur.
1309 2801 1418 2845 Nam
1444 2807 1615 2857 praeter
1630 2803 1775 2849 Ioann.

279 2871 467 2914 Tzetzem
506 2886 531 2913 a
561 2871 769 2915 Lobeckio
806 2873 851 2914 in
881 2871 1084 2928 Aglaoph.
1112 2885 1152 2926 p.
1187 2874 1292 2916 1198
1331 2872 1594 2928 adlegatm,
1629 2874 1702 2929 qui
1730 2874 1777 2916 in
