1962 3314
0 942 29 1185 ›=-³⁶j“e'⁴=»⁴¹s·w3*sefl
15 759 24 799 ,Ὗ
27 730 32 737 ,γ
14 682 34 717 ..μὴ
22 663 24 666 .
15 470 32 499 4„
2 331 20 414 ι
4 259 24 306 2122
13 220 27 236 ,q
24 129 27 138 ‚⁴
19 79 27 93 ,-

795 162 1078 204 ..57-

194 269 340 318 mmo
363 270 416 316 iu
435 271 624 328 corporis
651 274 870 318 venustate
900 275 1027 329 atque
1056 271 1373 328 pulchritudine
1402 271 1699 328 conspicienda

198 341 736 401 oeqdoeoereffis‘u‘erunt,
764 342 934 399 quando
960 342 1216 387 adscendere
1240 343 1417 399 cupiunt
1443 342 1498 388 ad
1518 342 1695 388 divinio-

195 422 291 460 ιω
314 428 519 467 amorem,
556 414 670 459 unde
703 414 903 459 virtutem
936 416 981 458 et
1007 413 1216 458 bonorum
1244 427 1485 457 sermonum
1512 411 1698 457 fructum

196 483 284 532 ὑί
302 497 448 530 meare
473 488 642 542 queant,
670 499 724 529 ne
744 483 1035 540 voluptuariae
1063 482 1201 527 denuo
1228 483 1476 538 inrumpant
1494 481 1700 538 imagines

195 555 456 599 mutibus
493 555 614 612 quasi
650 557 794 606 oculis,
832 554 989 611 quippe
1026 567 1208 598 venereo
1246 567 1392 597 eorum
1419 566 1525 609 quos
1553 555 1700 597 amant

197 624 403 683 dspectu
429 625 688 681 depravatis,
720 626 930 669 sanctiore
958 624 1153 669 adhibito
1178 637 1321 668 amore
1349 623 1599 668 medeantur
1622 636 1694 667 ne-

200 708 324 742 ·ootse
352 699 432 747 est,
470 698 519 739 ut
546 696 717 740 liberati
756 695 840 738 iam
871 694 926 739 ab
952 693 1067 738 omni
1092 692 1280 748 corporis
1313 692 1527 747 voluptate
1568 691 1702 735 solam

197 765 331 811 minii
357 765 718 822 pulchritudinem
754 764 988 809 consectari
1026 763 1261 808 videantur.
1320 761 1403 806 Sed
1430 762 1485 806 ab
1514 761 1595 806 hoc
1623 775 1694 806 ex·

201 848 327 881 curm
355 850 500 880 rursus
525 836 581 881 ad
611 835 881 893 Symposiaca
907 849 975 878 me
1000 833 1193 878 reseram.

310 906 516 952 Venimus
541 907 627 951 iam
652 905 708 950 ad
737 905 876 949 locum
904 903 1115 948 lubricum
1142 906 1187 947 et
1213 901 1513 958 periculosum,
1539 901 1585 944 in
1613 914 1698 957 quo

197 975 366 1020 veniam
392 975 661 1025 habebimus»,
700 974 736 1017 si
775 974 821 1017 in
860 971 1096 1029 detegendo
1128 970 1282 1015 mendo
1319 970 1531 1014 acutiores
1568 969 1699 1012 simus

194 1058 324 1103 quam
343 1045 391 1088 in
404 1044 594 1089 remedio
612 1041 854 1088 adhibendo
873 1041 1091 1085 feliciores.
1130 1039 1307 1096 Legitur
1336 1039 1381 1082 in
1399 1038 1510 1082 libro
1525 1037 1599 1089 VI,
1616 1040 1654 1089 3,
1669 1041 1696 1081 2

194 1129 235 1172 p.
268 1114 390 1162 osef
417 1111 459 1200 ¹..7‘1
488 1115 569 1171 μὲν
608 1113 691 1172 γὰρ
731 1110 849 1168 diersa
887 1114 984 1163 τοῖς
1024 1111 1241 1167 φαγοῦσιν
1279 1105 1567 1159 ἐπιτείνεται,
1611 1108 1696 1150 τῶν

199 1183 355 1232 σι’τίων
383 1188 441 1245 τῇ
468 1182 675 1243 ξηρότητι
716 1180 1155 1238 διεσπασμένον
1182 1175 1311 1238 ὑγρὸν
1341 1178 1416 1222 καὶ
1446 1173 1697 1221 ἀπολειπό-

195 1270 330 1311 μενον
361 1251 552 1307 ἀσθενὲς
590 1253 666 1297 καὶ
701 1248 852 1309 ολίγον
889 1250 935 1295 ἐν
974 1252 1038 1308 τιῖἰ
1074 1248 1248 1307 σώιιατι
1288 1264 1341 1292 σι
1345 1244 1586 1305 λλεγοντιιν
1622 1246 1698 1291 καὶ

195 1321 483 1379 συνεξικμαν
459 1337 610 1367 οντων
626 1319 781 1379 ω’σῑτερ
802 1317 886 1373 ἔξω
908 1321 983 1378 γῆν
1003 1315 1175 1377 ὃρῶιιεν
1194 1317 1268 1362 καὶ
1288 1314 1408 1360 κόνιν
1430 1315 1524 1360 καὶ
1551 1333 1583 1371 ιι
1595 1316 1696 1360 ωλ-

196 1395 296 1440 λον
332 1394 399 1439 τὰ
435 1389 749 1452 μιγνύμενα
783 1407 871 1434 των
902 1386 1039 1447 ὑγρῶν
1069 1385 1469 1443 ἀναλαμβάνουσαν
1498 1384 1562 1438 εἷς
1592 1384 1695 1429 ἑαυ-

195 1461 274 1520 τῆν
299 1460 377 1507 καὶ
405 1458 721 1515 ἀφανίζουσαν.
780 1458 832 1503 In
858 1458 926 1502 his
953 1457 1020 1503 vel
1048 1456 1190 1513 prima
1217 1456 1355 1500 fronte
1384 1454 1564 1511 adparet
1592 1458 1691 1498 ante

199 1531 527 1591 διεσπαρμένον
546 1529 785 1574 addendum
806 1542 896 1573 esse
924 1527 1149 1571 articulum
1176 1525 1438 1581 servavitque
1470 1539 1565 1568 eum
1583 1523 1695 1568 Psel-

194 1601 263 1646 lus
288 1600 585 1645 Bussemakeri
617 1599 706 1652 (cfr.
734 1598 903 1650 Quaest.
931 1596 1041 1642 Plut
1070 1595 1136 1639 111
1162 1609 1202 1651 p.
1237 1599 1286 1639 17
1315 1598 1360 1639 et
1387 1593 1448 1638 IV
1478 1608 1518 1649 p.
1548 1595 1620 1649 26)
1650 1593 1695 1636 in

195 1670 397 1717 subditivi
432 1670 672 1717 Aristotelis
710 1669 847 1713 Probl.
887 1682 927 1723 p.
958 1670 1059 1718 332,
1105 1669 1157 1710 21
1202 1665 1331 1709 Paris.
1374 1659 1400 1721 ἧ
1441 1662 1560 1719 δίψα
1600 1666 1696 1715 τοῖς

197 1742 418 1799 φαγοῦσιν
447 1737 730 1784 ἐπιτείιεται.
765 1736 883 1781 διότι
910 1734 965 1780 τὰ
994 1733 1278 1793 εἷσερχὸμενα
1308 1730 1429 1777 σιτία
1455 1734 1511 1791 τῆ
1538 1731 1697 1790 γαστρὶ

195 1808 259 1854 τὸ
287 1803 661 1865 διεσπαρμένον(
642 1826 653 1851 ι
657 1805 772 1867 γρὸν
799 1805 874 1850 καὶ
904 1801 1212 1859 ατολειπομει
1215 1819 1264 1845 ον
1291 1819 1367 1845 και
1393 1797 1466 1845 ολί
1448 1817 1543 1858 ιγον
1563 1800 1610 1844 ἐν
1632 1803 1695 1857 τῷ

196 1875 371 1935 σώματι
401 1876 676 1934 συλλέγουσι.
745 1875 922 1920 Relicua
962 1874 1115 1918 multas
1154 1873 1399 1917 criticorum
1432 1872 1695 1916 coniecturas

194 1949 470 2005 pepererunt,
507 1960 686 2003 quorum
724 1946 848 1989 Turn.
886 1948 930 1989 et
957 1943 1076 1987 Vulc.
1114 1938 1142 2001 ἢ
1170 1941 1244 1986 καὶ
1270 1958 1389 1985 κοιίν
1417 1938 1483 1984 ἔτι
1522 1941 1693 1995 μᾶλλον

194 2018 262 2063 vel
278 2015 469 2069 τίτανον,
502 2016 696 2060 Reiskius
713 2015 856 2067 βῶλον
872 2014 939 2057 vel
960 2010 1150 2063 τέτανον,
1185 2010 1535 2068 wyttenbachius
1564 2007 1691 2066 ψάμ-

194 2102 280 2140 μον
307 2086 375 2131 vel
402 2081 574 2142 μαλλόν
599 2084 852 2136 coniciebat,
883 2097 1063 2140 quorum
1088 2084 1284 2126 neutrum
1313 2081 1457 2136 probo,
1486 2081 1693 2136 posterius

194 2155 385 2201 funditus
425 2155 628 2210 reprobo,
678 2154 926 2198 Meziriacus
970 2151 1151 2208 denique
1193 2150 1478 2206 adstipulante
1525 2150 1694 2195 Amioto

195 2226 367 2283 μᾶλλον
409 2226 673 2277 eliminabat,
722 2225 835 2282 quod
877 2223 988 2269 unde
1030 2223 1258 2279 inrepserit
1303 2222 1460 2267 frustm
1503 2237 1691 2279 quaeres·

194 2297 277 2351 Qui
303 2296 415 2355 quod
443 2297 615 2349 μᾶλλον
644 2311 721 2352 pro
741 2299 940 2351 corrupto
964 2294 1188 2346 habebant,
1217 2293 1413 2338 fefellisse
1441 2308 1511 2338 eos
1530 2294 1695 2339 videtur

196 2366 364 2412 dicendi
378 2381 488 2419 usus-1,
504 2365 623 2410 cuius
637 2381 731 2410 cum
749 2366 821 2410 alii
839 2365 930 2422 (cfr.
947 2364 1147 2409 Schaefcr
1161 2364 1215 2407 ad
1230 2364 1351 2420 Greg.
1373 2364 1559 2408 Corinth.
1574 2378 1613 2420 p.
1628 2368 1694 2418 52,

202 2440 279 2484 161
303 2440 348 2483 et
360 2451 468 2494 quae
490 2437 681 2481 conlecta
700 2437 831 2481 habet
844 2435 1194 2493 Wyttcnbachius
1212 2434 1265 2478 ad
1282 2435 1388 2480 Plut.
1411 2434 1464 2479 de
1479 2449 1509 2479 s.
1525 2449 1565 2480 n.
1580 2435 1690 2479 vind.

196 2522 238 2565 p.
259 2510 337 2565 13),
364 2512 456 2552 tum
476 2508 669 2564 exempla
689 2508 925 2552 certissima
942 2508 1031 2563 ipse
1051 2506 1301 2551 Plutarchus
1322 2509 1512 2561 praestat
1531 2507 1693 2564 Lyc.17

197 2573 274 2620 καὶ
304 2577 539 2633 προσεῖχον
569 2573 612 2618 οὶ
645 2573 937 2632 πρεσβύτεροι
972 2571 1046 2616 καὶ
1074 2572 1255 2626 μᾶλλον,
1287 2572 1440 2629 Agesil.
1460 2574 1511 2617 13
1541 2570 1694 2632 ἐχρῆτο

195 2646 261 2703 τῷ
293 2646 436 2702 καιρῷ
472 2644 547 2687 καὶ
583 2643 767 2699 μᾶλλον.
837 2645 898 2687 Αο
938 2642 1019 2686 suit
1058 2656 1158 2686 sane
1197 2655 1324 2697 quam
1362 2642 1542 2686 maxime
1580 2642 1692 2699 quod

197 2709 362 2767 pulveri
398 2709 598 2754 maiorem
637 2724 764 2767 qnam
805 2714 944 2754 terrae
981 2710 1065 2753 vim
1104 2708 1358 2753 absorbendi
1394 2709 1589 2754 humores
1617 2710 1690 2755 ad·

197 2781 435 2838 scripserit,
462 2795 545 2837 quo
573 2780 755 2834 accedit,
784 2779 895 2838 quod
923 2781 1006 2824 tria
1025 2780 1093 2823 vix
1119 2779 1286 2823 videtur
1310 2779 1372 2823 ita
1391 2794 1688 2825 commemora-

197 2855 318 2897 turus
355 2850 483 2895 fuisse
517 2850 784 2902 Plutarchus,
821 2850 924 2907 quin
962 2850 1006 2893 in
1046 2848 1248 2904 proximis
1284 2848 1555 2904 participium
1585 2845 1692 2892 εἷνα-

197 2917 512 2977 λαμβάνουσαν
558 2918 713 2975 plurali
756 2933 932 2965 numero
971 2916 1229 2964 efferendum
1267 2917 1394 2963 fuisse
1430 2919 1522 2964 iuro
1557 2919 1688 2975 suspi-
