1962 3314
909 165 1191 206 -34—

311 273 408 316 καὶ
452 272 512 315 τὸ
561 272 891 329 παραλέξαι
931 275 1122 327 μῦθον
1170 272 1660 331 παραμβλύνοντα
1706 270 1799 318 καὶ

309 343 527 402 ψυχρὸν
561 341 615 385 ἐν
646 338 778 399 οἴνῳ
809 343 1108 400 συμφέρει,
1151 343 1245 393 πῶς
1275 339 1621 401 αἶσχρὸνεῖπεῖν
1648 358 1692 385 τι
1726 339 1801 385 καὶ

315 410 498 456 ἀκοῦσαι
537 411 599 463 εἰς
629 409 863 462 συνουσίας
900 413 1053 469 χρῆσιν
1082 406 1320 468 ὠφελίμως
1350 409 1595 467 λεγόμενον.
1655 411 1705 453 Ι11
1733 409 1802 452 his

308 495 414 536 quae
448 481 556 522 nihil
584 479 701 523 aliud
722 480 867 522 volunt
891 494 1017 535 quam
1039 479 1317 522 Horatianum
1353 479 1512 523 dulce
1543 494 1662 522 esse
1692 479 1770 522 ali
1784 504 1797 514 ψ

309 550 523 606 quando
564 550 819 604 desipere
862 550 917 592 in
965 550 1100 601 loc0,
1144 549 1268 603 plura
1305 553 1404 592 sunt
1440 564 1546 605 quae
1584 550 1802 595 adtentum

306 618 503 660 lectorem
540 617 772 661 advertant.
836 617 896 658 Ac
937 617 1117 669 primum
1157 615 1329 670 quidem
1369 616 1482 659 haud
1521 616 1647 661 dubie
1684 619 1798 659 recte

309 684 609 744 παραλέξαι
632 699 685 728 ex
704 684 893 727 codicum
915 683 1037 737 longe
1057 683 1334 736 plurimorum
1355 683 1533 727 lectione
1559 682 1801 741 παραλέξαι

305 758 538 797 correctum
559 758 623 797 est
645 768 722 808 pro
746 768 795 796 eo
818 752 929 808 quod
958 753 1046 794 sine
1068 766 1191 794 sensu
1214 752 1478 795 scribebatur
1500 749 1800 810 παραλλάξαι.

306 824 454 869 Altera
482 824 655 867 offensio
685 827 778 865 erat
805 823 849 865 in
879 822 1081 864 vocabulo
1118 819 1510 880 παραμβλύνοντα,
1551 822 1668 865 0111118
1697 821 1798 872 1000,

307 909 402 937 011111
431 894 485 937 ad
509 893 806 937 conectendam
827 892 1059 934 orationem
1079 891 1238 946 aliquid
1256 891 1575 942 desideraretur,
1603 891 1795 946 Wytten·

303 963 478 1006 bachius
506 962 725 1016 proposuit
753 958 963 1016 καίπερ
996 955 1212 1014 ἀμβλὺν
1250 955 1385 1002 ὄντα
1426 959 1517 1002 καὶ
1561 955 1796 1017 ψυχρόν,

305 1034 350 1075 111
380 1033 532 1088 quibus
580 1032 682 1087 quid
719 1033 764 1073 in
802 1030 879 1072 tali
914 1045 959 1072 re
999 1030 1080 1072 sibi
1116 1029 1217 1072 velit
1246 1027 1409 1088 καίπερ
1453 1033 1496 1072 et
1524 1044 1610 1084 qua
1637 1027 1793 1084 signifi-

304 1104 467 1146 catione
504 1103 687 1157 positum
727 1102 798 1154 sit,
841 1115 916 1156 ego
952 1115 1018 1143 me
1056 1114 1141 1142 non
1180 1100 1355 1155 adsequi
1395 1100 1540 1143 fateor.
1605 1101 1796 1156 Denique

302 1173 531 1225 permirum
562 1176 626 1214 est
654 1171 881 1221 neminem,
921 1172 1219 1224 praeterquam
1248 1184 1377 1212 unum
1406 1170 1693 1221 Meziriacum,
1723 1169 1795 1224 qui

301 1254 378 1294 pro
405 1239 450 1282 ἐν
472 1237 575 1296 οἴνῳ
598 1240 704 1281 miro
724 1239 934 1281 mehercle
957 1239 1148 1281 acumine
1171 1238 1464 1294 corrigendum
1486 1239 1616 1282 suasit
1640 1236 1794 1289 ἐνίοτε,

301 1310 523 1354 offendisse
553 1310 690 1353 verbis
727 1309 771 1352 ἐν
803 1307 907 1366 οἴνῳ
918 1344 927 1361 1.
972 1324 1078 1365 quae
1108 1324 1236 1364 quam
1268 1310 1409 1364 inepte
1438 1310 1676 1355 adiciantur
1701 1312 1797 1364 post

305 1381 482 1432 κύλικος
513 1380 817 1439 προκειμένης,
854 1381 984 1434 (0111118
1015 1381 1106 1423 1000
1136 1381 1257 1432 alias,
1291 1381 1364 1424 ubi
1390 1381 1506 1423 nulla
1534 1384 1627 1423 erat
1655 1380 1796 1425 hiatus

300 1451 484 1495 evitandi
521 1452 765 1502 necessitaS,
806 1452 1074 1505 praeoptavit
1115 1450 1281 1509 κρατὴρ
1323 1450 1368 1493 ἐν
1401 1451 1522 1508 μέσῳ
1562 1447 1794 1509 πρόκειται

303 1518 433 1561 veluti
454 1517 592 1574 Symp.
615 1517 652 1568 I,
687 1522 719 1569 1,
750 1522 774 1560 5
804 1531 844 1571 p.
877 1520 956 1560 615
979 1532 1005 1559 a
1033 1517 1138 1560 conl.
1168 1517 1271 1559 Mor.
1303 1532 1342 1571 p.
1374 1521 1451 1561 421
1473 1517 1533 1574 a),
1563 1517 1685 1572 quasi
1712 1530 1796 1561 11011

303 1587 461 1630 fuerint
484 1580 588 1630 haec
609 1586 710 1628 satis
733 1586 874 1629 facilia
895 1586 949 1628 ad
969 1586 1315 1642 intellegendum,
1344 1587 1414 1629 vix
1433 1601 1537 1641 opus
1560 1590 1622 1630 est
1639 1577 1790 1630 dicere.

299 1654 381 1698 Sed
402 1669 470 1698 res
488 1655 602 1698 salva
623 1658 707 1707 est,
737 1654 782 1696 in
800 1654 944 1708 paucis
964 1654 1233 1698 manifestum
1251 1655 1423 1697 rarioris
1444 1655 1640 1698 dictionis
1660 1655 1788 1699 inter-

298 1729 606 1781 pretamentum
625 1729 793 1769 tenetur
813 1725 1072 1780 adscriptum
1093 1726 1146 1769 ad
1172 1724 1348 1777 κύλικος
1369 1727 1673 1784 προκειμένης,
1695 1741 1793 1770 111οΧ

302 1811 325 1838 0
353 1796 545 1851 margine
585 1795 723 1838 alieno
759 1795 851 1837 loco
887 1795 933 1836 in
968 1799 1210 1838 contextum
1244 1796 1545 1850 inperitissime
1574 1796 1791 1846 adscitum,

298 1868 346 1907 ut
364 1868 502 1907 totum
519 1864 674 1915 locum,
706 1864 855 1918 putida
883 1868 1120 1918 praeterea,
1150 1868 1197 1906 ut
1227 1865 1386 1919 opinor,
1416 1865 1704 1921 dittographia
1724 1881 1787 1910 re-

297 1937 426 1984 mota,
456 1934 503 1975 in
526 1933 741 1975 Plutarchi
765 1947 931 1975 sensum
963 1933 1276 1977 convenientius
1299 1934 1566 1977 constituisse
1588 1934 1789 1978 arbitrer:

297 2000 472 2054 κύλικος
504 2002 551 2046 δὲ
582 2002 875 2061 προκειμένης
906 2001 950 2044 ἐν
991 2001 1200 2059 συνήθεσι
1234 2002 1309 2046 καὶ
1338 2000 1508 2060 φίλοις,
1554 2000 1666 2046 ἔνθα
1698 2002 1790 2046 καὶ

296 2070 356 2115 τὸ
398 2071 721 2130 παραλέξαι
762 2073 948 2125 μῦθον
992 2067 1210 2126 ἇμβλύν
1253 2066 1387 2115 ῗίντα
1429 2071 1522 2114 καὶ
1567 2072 1787 2130 ψυχρὸν

298 2140 375 2197 [ἒν
414 2139 499 2184 οἴν
512 2142 571 2198 ῳ]
611 2141 896 2198 συμφέρει
926 2140 1015 2183 κτλ.
1091 2140 1294 2183 Similiter
1323 2140 1378 2183 ad
1409 2135 1600 2197 ἄκρατον
1632 2138 1787 2191 πίνειν,

301 2210 453 2267 φέρειν
484 2210 569 2253 alia
606 2209 746 2252 affinis
784 2209 968 2264 generis,
1009 2223 1035 2251 a
1073 2209 1229 2252 scribis'
1256 2223 1341 2251 11011
1379 2208 1507 2251 semel
1536 2208 1784 2262 interpreta-

293 2280 480 2318 mentum
511 2270 629 2318 οἶνον
659 2275 917 2329 adscriptum
946 2275 1090 2327 fuisse,
1126 2275 1237 2330 quod
1265 2276 1473 2317 constanti
1503 2275 1615 2329 apud
1645 2289 1788 2317 omnes

291 2344 509 2386 omittatur
533 2358 627 2395 usu,
656 2343 783 2398 idque
815 2344 1083 2385 coniunctum
1110 2357 1201 2385 cum
1231 2358 1330 2385 vera
1359 2343 1565 2397 scriptura
1593 2343 1659 2386 vel
1690 2357 1783 2398 per—

291 2425 435 2465 peram
456 2414 635 2457 orationi
653 2414 929 2456 intertextum
947 2413 1031 2468 legi
1049 2413 1175 2455 etiam
1192 2412 1303 2466 apud
1320 2412 1601 2462 Plutarchum,
1621 2412 1785 2466 copiose

290 2483 452 2525 ostendi
481 2484 526 2525 in
554 2484 720 2535 Quaest.
750 2481 857 2527 Plut.
888 2482 931 2523 11
960 2495 998 2536 p.
1032 2485 1086 2525 46
1117 2495 1204 2535 sqq.
1235 2483 1279 2522 et
1307 2480 1372 2522 III
1400 2494 1439 2534 p.
1473 2484 1537 2524 46.
1597 2479 1784 2522 Eandem

288 2550 422 2604 legem
467 2558 579 2593 cum·
607 2550 819 2593 anxietate
864 2549 1045 2604 quadam
1093 2547 1371 2591 observabant
1426 2547 1607 2591 labentis
1658 2547 1785 2590 etiam

289 2620 528 2674 graecitatis
552 2624 742 2663 auctores
770 2620 960 2674 sacrique
988 2619 1228 2672 scriptores,
1260 2633 1282 2660 e
1311 2618 1463 2673 quibus
1483 2632 1611 2659 unum
1631 2616 1784 2660 sufficit

287 2689 456 2733 laudare
485 2691 623 2733 locum
652 2690 690 2733 S.
719 2690 926 2746 Chrysost.
955 2704 995 2744 p.
1027 2693 1128 2740 262,
1161 2691 1210 2732 18
1241 2688 1374 2732 Dueb.
1406 2682 1599 2746 ἄκρατον
1629 2685 1780 2745 ὀρέξαι

287 2754 439 2800 πολύν.
484 2757 565 2800 Sed
587 2758 639 2800 de
664 2758 869 2801 eiusmodi
894 2756 1157 2799 emblematis
1178 2755 1289 2797 infra
1310 2754 1441 2797 fusius
1463 2753 1779 2808 disputabimus.

396 2838 531 2889 Quam
559 2839 766 2893 insignem
798 2839 937 2882 labem
955 2838 1022 2880 his
1043 2837 1163 2880 libris
1192 2836 1405 2890 pepererit
1430 2836 1608 2879 evanida
1636 2834 1775 2878 mado-

279 2916 376 2946 reve
428 2918 552 2947 exesa
596 2906 819 2961 archetypi
869 2905 1079 2959 scriptura
1127 2903 1375 2956 explicatius
1426 2904 1588 2950 dictum
1615 2906 1695 2950 ,est
1737 2902 1782 2947 in
