1962 3314
905 189 962 195 -.
1018 166 1073 209 44
1130 188 1187 194 -

303 272 557 329 Chrysippus
586 286 651 326 ap.
676 271 900 315 Stobaeum
923 273 1009 316 Ecl.
1040 273 1157 328 phys.
1178 273 1199 315 I
1228 286 1267 327 p.
1295 276 1384 324 102,
1408 276 1452 315 11
1488 272 1617 315 dixit:
1652 268 1799 328 παρά-

304 342 433 382 θεσιν
447 339 526 393 μὲν
543 336 624 395 γαρ
644 333 756 381 εἶναι
773 337 988 394 σωμάτων
1003 338 1204 397 συναφὴν
1221 337 1332 382 κατὰ
1347 338 1424 390 τὰς
1440 336 1721 396 ἐπιφανείας·
1738 333 1799 389 ὥς

302 404 378 448 ἐπὶ
393 407 475 447 τῶν
492 420 543 448 σι
554 423 579 464 ρ
589 407 626 447 ιῦ
634 423 657 448 ν
673 406 751 462 (ita
766 408 995 450 rectissime
1004 407 1238 450 Meinekius
1252 421 1328 461 pro
1339 408 1486 450 vitioso
1503 409 1670 465 σωριῦν)
1687 402 1800 464 ὁρῶ-

299 492 379 531 μεν
402 475 446 518 ἐν
471 470 538 526 οἷς
560 475 697 535 πυροί
726 493 772 520 τε
794 477 866 520 καὶ
894 477 1050 535 κριθαὶ
1084 478 1156 520 καὶ
1186 479 1324 535 φακοὶ
1346 477 1420 520 καὶ
1439 475 1487 521 εἷ’
1506 493 1604 520 τινα
1625 474 1800 527 τούτοις

301 540 414 588 ἄλλα
434 543 729 604 παραπλήσια
754 547 1014 605 περιέχεται,
1038 562 1145 602 quae
1161 547 1324 589 adstrui
1341 549 1537 600 poterant
1556 546 1802 600 incorrupta

297 617 433 672 glossa
454 615 605 660 Suidae
639 622 794 675 σιροῖς·
819 614 1061 675 ὀρύγμασιν
1098 618 1143 662 ἐν
1164 613 1231 669 οἷς
1260 615 1555 661 κατατίθεται
1582 617 1637 659 τὰ
1657 616 1797 674 σπέρ-

297 703 416 740 ματα
438 687 540 729 conl.
566 687 651 730 Ael.
672 687 712 731 h.
735 703 769 730 a.
792 688 845 739 II,
869 692 922 731 25
942 686 1253 745 πληρώσαντες
1270 686 1370 738 τούς
1386 686 1430 729 ἐν
1447 689 1507 744 τῷ
1522 687 1645 743 μυχῷ
1666 684 1797 743 σφίσι

297 756 449 815 σιρούς
473 758 619 815 πυρῶν
645 774 691 800 τε
717 757 790 801 καὶ
815 760 997 814 κριθῶν.
1050 758 1153 800 Plin.
1178 758 1219 802 h.
1246 773 1285 801 n.
1302 756 1459 807 XVIII,
1478 760 1542 807 30,
1559 759 1640 800 306
1662 754 1800 798 Varro

302 827 354 870 de
375 843 407 870 r.
433 843 465 870 r.
483 828 513 880 l,
532 833 597 879 57,
619 834 636 871 1
664 832 706 871 et
726 844 832 883 quae
854 829 1041 884 congessi
1060 829 1104 870 in
1126 829 1291 880 Quaest.
1307 818 1413 870 Plut.
1434 827 1454 868 I
1474 841 1513 881 p.
1532 827 1585 870 48
1604 840 1663 880 sq.
1677 826 1729 880 ³¹⁶),
1751 840 1803 868 ex

305 912 386 952 quo
402 899 544 940 statim
560 898 788 953 intelleges,
806 913 929 953 quam
954 902 1067 940 recte
1088 913 1114 941 a
1129 913 1196 940 me
1216 898 1261 955 in
1278 898 1418 940 verbis
1434 896 1639 952 contiguis
1663 892 1733 938 ὅτι
1748 894 1797 937 δὲ

299 960 321 1005 ὃ
356 964 498 1023 πυρὸς
525 962 612 1018 ἔχει
642 981 685 1007 τι
719 962 901 1023 θερμόν,
934 963 1247 1024 τεκμαίρονται
1275 968 1368 1016 τοῖς
1399 961 1689 1023 ἀμφορεῦσιν,
1733 955 1794 1006 ὧν

296 1032 587 1087 ἐντιθεμένων
611 1033 656 1085 ἐς
677 1037 798 1076 σῖτον
829 1032 1163 1085 ἐξαναλίσκεται
1192 1033 1357 1087 ταχέως
1386 1030 1409 1075 ὁ
1439 1028 1569 1085 οἶνος,
1604 1033 1691 1075 iam
1705 1032 1790 1087 pri-

296 1101 391 1144 dem
408 1102 674 1144 emendatum
693 1103 749 1144 sit
767 1118 787 1145 ε
798 1100 813 1145 ἱ
826 1119 847 1153 ς
873 1118 899 1145 ο
910 1119 924 1144 ι
937 1119 961 1159 ρ
972 1100 994 1143 ό
1005 1120 1040 1146 ν.
1068 1103 1182 1154 Quae
1198 1103 1366 1158 quidem
1382 1102 1557 1157 suspitio
1571 1102 1679 1144 mihi
1693 1102 1798 1146 adeo

299 1171 467 1214 evidens
498 1172 720 1215 videbatur
750 1188 849 1224 esse,
880 1177 929 1215 ut
956 1174 1167 1217 neminem
1199 1174 1391 1217 dubitare
1422 1188 1542 1228 posse
1573 1173 1797 1216 crederem.

297 1241 360 1283 Ea
386 1257 452 1284 me
480 1242 621 1296 opinio
651 1242 813 1286 fefellit.
872 1243 1121 1286 Duebnerus
1151 1243 1274 1294 enim,
1304 1243 1420 1285 cuius
1439 1242 1656 1297 ¹hodieque
1687 1256 1780 1297 gra—

294 1311 456 1353 tissima
480 1311 525 1353 in
545 1311 684 1354 animo
714 1326 806 1354 meo
836 1311 966 1354 infixa
986 1312 1133 1355 haeret
1161 1312 1372 1363 memoria,
1399 1312 1503 1354 haec
1531 1303 1800 1364 intemptata

295 1383 531 1438 relinquere
550 1384 708 1435 maluit,
740 1399 791 1426 ne
813 1385 857 1426 in
876 1399 924 1427 eo
945 1384 1116 1439 quidem
1145 1384 1251 1426 mihi
1281 1384 1587 1438 obtemperans,
1615 1382 1727 1437 quod
1749 1381 1796 1433 ἐς

299 1452 363 1494 vel
395 1452 483 1495 sine
514 1452 720 1495 librorum
749 1452 1004 1495 adminiculo
1034 1456 1274 1495 constanter
1304 1467 1356 1494 ex
1383 1450 1598 1494 Plutarchi
1626 1450 1794 1504 scriptis

297 1520 562 1563 eximendum
599 1521 721 1564 suasi.
780 1520 835 1563 Et
861 1520 1026 1563 addixit
1064 1521 1233 1575 quidem
1265 1521 1440 1574 posthac
1470 1520 1568 1561 huic
1598 1519 1789 1578 observa-

302 1590 417 1641 tioni,
446 1605 572 1645 quam
601 1589 783 1644 praeivit
811 1589 1059 1632 Schaeferus
1088 1589 1138 1631 ad
1163 1589 1269 1631 Plut.
1292 1589 1362 1632 vit.
1384 1588 1495 1630 Tom.
1518 1588 1561 1629 II
1579 1601 1618 1641 p.
1641 1591 1705 1637 47,
1728 1590 1793 1637 25,

293 1655 423 1698 codex
451 1655 808 1707 vindobonensis,
832 1657 904 1711 qui
933 1657 977 1698 in
1005 1656 1162 1699 talibus
1192 1657 1407 1699 interdum
1442 1660 1507 1698 est
1533 1654 1793 1698 emendatior

290 1725 439 1768 ceteris
448 1726 525 1781 **).
558 1726 613 1767 At
630 1740 774 1768 eorum
793 1741 899 1781 quae
920 1730 1152 1780 sequuntur
1174 1724 1248 1767 καὶ
1265 1723 1396 1782 νίτρῳ
1427 1741 1519 1768 συν
1532 1741 1556 1781 η
1568 1723 1671 1779 μμέ
1682 1740 1738 1767 νο
1750 1740 1784 1775 ς,

290 1792 378 1838 ὑπὸ
407 1794 688 1853 θερμότητος
713 1795 818 1837 mihi
842 1795 943 1837 olim
972 1796 1155 1850 (Quaest.
1179 1795 1284 1837 Plut.
1304 1795 1347 1836 II
1367 1809 1405 1849 p.
1430 1795 1502 1847 30)
1532 1794 1635 1836 satis
1664 1807 1786 1848 expe-

289 1865 379 1907 dita
409 1879 498 1906 esse
525 1863 746 1907 videbatur
787 1865 996 1907 sententia
1025 1864 1246 1908 scribendo
1288 1863 1361 1906 καὶ
1397 1861 1530 1921 νίτρῳ
1575 1878 1788 1917 συμπε-

291 1951 365 1977 πα
379 1933 584 1987 σμένος
602 1968 611 1984 ,
661 1950 787 1989 quam
826 1934 1044 1977 audaciam
1082 1935 1296 1978 Plutarchi
1339 1949 1483 1977 manes
1525 1949 1650 1989 aegre
1685 1933 1789 1976 mihi

289 2015 378 2043 esse
408 2000 716 2043 condonaturos
746 2016 921 2051 vererer,
945 2002 1033 2043 'nisi
1062 2002 1222 2044 leniore
1251 2001 1462 2044 medicina
1491 2001 1618 2044 hodie
1648 2001 1785 2043 locum

381 2173 420 2214 ²¹¹⁶)
457 2173 522 2208 cfr.
552 2175 694 2218 Procop.
722 2176 754 2209 b.
782 2186 813 2218 g.
844 2177 890 2217 Η,
922 2177 930 2208 l
963 2186 995 2218 p.
1027 2177 1103 2218 146,
1143 2177 1181 2209 15
1218 2177 1253 2217 ἐς
1281 2173 1436 2219 βαθεῖαν
1471 2188 1550 2209 τινα
1583 2172 1788 2222 διώρυχα

295 2235 478 2278 ἐμπίπτει,
504 2229 575 2267 οἶαι
604 2234 736 2267 πολλαὶ
761 2237 834 2272 τοῖς
861 2231 974 2267 πύλαι
1003 2231 1217 2279 ἀνθρώποις
1240 2233 1333 2281 πρὸς
1354 2239 1456 2269 σίτου
1481 2231 1794 2280 παρακαταθήκην

292 2292 462 2327 ἐνταῦθα,
490 2287 604 2335 οἶμαι,
623 2295 850 2334 πεποίηνται.
879 2292 1041 2325 Pundum
1067 2298 1119 2326 est
1144 2294 1237 2336 quod
1255 2294 1347 2337 apud
1373 2293 1470 2327 Dion.
1485 2292 1607 2339 Chrys.
1633 2305 1680 2328 or.
1699 2293 1788 2337 XXI,

290 2358 321 2389 p,
350 2347 463 2380 505R.
494 2347 638 2380 codices
665 2358 786 2381 recens
808 2348 961 2382 fabricati
993 2354 1028 2382 ut
1052 2351 1234 2383 vetustatis
1267 2349 1422 2383 colorem
1457 2350 1672 2393 odoremque
1704 2361 1787 2385 cou-

289 2403 481 2445 traherent‚
521 2404 662 2446 perinde
695 2409 797 2447 atque
833 2404 1023 2447 amphorae
1046 2394 1199 2438 vinariae
1232 2406 1322 2449 apud
1350 2405 1592 2448 Plutarchum,
1629 2407 1790 2441 dicuntur

289 2463 455 2493 καθιέναι
481 2461 516 2498 ἐς
541 2465 664 2504 σῖτον,
697 2472 787 2503 quos
812 2463 1030 2495 manifestum
1058 2467 1110 2495 cst
1139 2463 1313 2496 demissos
1337 2474 1417 2496 esse
1441 2464 1473 2496 in
1502 2472 1627 2497 caveas
1653 2465 1788 2498 subter-

287 2529 420 2560 raneas,
447 2519 578 2553 scilicet
595 2531 662 2553 non
691 2520 737 2554 ob
762 2532 949 2560 marcorem,
978 2524 1014 2553 ut
1038 2520 1243 2563 opinabatur
1270 2519 1336 2554 lac.
1361 2520 1444 2553 Geel
1469 2521 1510 2553 ad
1535 2521 1636 2555 Dion.
1661 2519 1782 2567 Chrys.

289 2575 421 2620 Olymp.
450 2586 480 2618 p.
509 2578 596 2619 262,
636 2579 692 2620 qui
722 2577 836 2611 nullus
871 2589 951 2611 esse
981 2578 1152 2620 debebat,
1187 2579 1326 2621 quando
1351 2579 1521 2612 frumenta
1545 2590 1607 2622 per
1631 2579 1782 2614 hiemem

287 2636 519 2667 conservaturi
535 2641 643 2678 erant,
663 2637 724 2669 sed
741 2636 786 2671 ob
801 2636 947 2670 calidam
965 2636 1140 2679 quandam
1161 2636 1228 2669 loci
1244 2637 1565 2680 frumentorumque
1580 2638 1626 2673 ibi
1642 2648 1782 2672 coacer-

288 2696 443 2725 vatorum
471 2692 744 2736 exhalationem,
781 2705 870 2737 qnae
893 2705 1060 2739 papyrum
1086 2696 1175 2728 adeo
1202 2696 1374 2729 infuscare
1401 2696 1616 2731 credebatur.
1667 2697 1784 2739 ltaque

285 2749 354 2781 illic
381 2759 521 2790 quoque
546 2752 725 2793 aptissime
752 2754 802 2790 ,εἰς
826 2748 931 2798 σιρόν
956 2756 1146 2785 correctum
1173 2762 1252 2785 csse
1278 2753 1356 2795 quis
1382 2764 1450 2785 non
1476 2752 1624 2796 probet?

377 2803 434 2833 *ἢ
459 2805 515 2844 Ἐς
539 2808 651 2841 editur
673 2809 789 2843 adhuc
817 2809 901 2843 Plut.
929 2807 1049 2854 Symp.
1079 2808 1134 2849 lV,
1162 2812 1193 2850 6,
1226 2810 1239 2842 1
1266 2820 1299 2852 p.
1329 2810 1426 2843 671d
1454 2810 1495 2848 ἐς
1519 2807 1584 2854 τὴν
1607 2821 1778 2855 τριετηρι-

283 2863 351 2908 κὴν
375 2868 601 2900 παντέλειαν.
637 2869 696 2902 ubi
727 2870 828 2902 nimis
870 2868 1089 2904 verecundus
1115 2868 1208 2903 esset
1242 2870 1300 2914 qui
1326 2869 1528 2905 tralaticium
1555 2868 1590 2908 ἐς
1610 2867 1690 2903 loco
1716 2879 1782 2903 suo

281 2923 495 2967 relinqueret.
