<?xml version="1.0" encoding="UTF-8"?>
<!DOCTYPE html PUBLIC "-//W3C//DTD XHTML 1.0 Transitional//EN"
    "http://www.w3.org/TR/xhtml1/DTD/xhtml1-transitional.dtd">
<html xmlns="http://www.w3.org/1999/xhtml" xml:lang="en" lang="en">
 <head>
  <title>
</title>
<meta http-equiv="Content-Type" content="text/html;charset=utf-8" />
  <meta name='ocr-system' content='tesseract 3.04.00' />
  <meta name='ocr-capabilities' content='ocr_page ocr_carea ocr_par ocr_line ocrx_word'/>
</head>
<body>
  <div class='ocr_page' id='page_1' title='image "./vindiciarumpluta00doehuoft_0098.png"; bbox 0 0 1962 3314; ppageno 0'>
   <div class='ocr_carea' id='block_1_1' title="bbox 936 127 1213 170">
    <p class='ocr_par' dir='ltr' id='par_1_1' title="bbox 936 127 1213 170">
     <span class='ocr_line' id='line_1_1' title="bbox 936 127 1213 170; baseline 0 -12"><span class='ocrx_word' id='word_1_1' title='bbox 936 127 1213 170; x_wconf 76' lang='grc'>..88-</span> 
     </span>
    </p>
   </div>
   <div class='ocr_carea' id='block_1_2' title="bbox 345 235 1899 2954">
    <p class='ocr_par' dir='ltr' id='par_1_2' title="bbox 345 235 1842 364">
     <span class='ocr_line' id='line_1_2' title="bbox 348 235 1842 293; baseline -0.002 -10"><span class='ocrx_word' id='word_1_2' title='bbox 348 239 573 283; x_wconf 84' lang='lat' dir='ltr'>offensione</span> <span class='ocrx_word' id='word_1_3' title='bbox 602 237 741 279; x_wconf 84' lang='lat' dir='ltr'>dicere</span> <span class='ocrx_word' id='word_1_4' title='bbox 771 236 931 293; x_wconf 75' lang='grc' dir='ltr'><strong><em>τρυγὸς</em></strong></span> <span class='ocrx_word' id='word_1_5' title='bbox 963 235 1120 288; x_wconf 72' lang='grc' dir='ltr'><strong><em>ἕλκων,</em></strong></span> <span class='ocrx_word' id='word_1_6' title='bbox 1162 236 1207 279; x_wconf 90' lang='lat' dir='ltr'>id</span> <span class='ocrx_word' id='word_1_7' title='bbox 1244 236 1356 293; x_wconf 90' lang='lat' dir='ltr'>quod</span> <span class='ocrx_word' id='word_1_8' title='bbox 1384 237 1643 283; x_wconf 88' lang='lat' dir='ltr'>Meinekium</span> <span class='ocrx_word' id='word_1_9' title='bbox 1677 251 1842 292; x_wconf 88' lang='lat' dir='ltr'>permo-</span> 
     </span>
     <span class='ocr_line' id='line_1_3' title="bbox 345 307 1792 364; baseline -0.003 -9"><span class='ocrx_word' id='word_1_10' title='bbox 345 312 452 355; x_wconf 82' lang='lat' dir='ltr'><strong>visse</strong></span> <span class='ocrx_word' id='word_1_11' title='bbox 482 310 663 360; x_wconf 89' lang='lat' dir='ltr'>videtur,</span> <span class='ocrx_word' id='word_1_12' title='bbox 699 311 747 350; x_wconf 90' lang='lat' dir='ltr'>ut</span> <span class='ocrx_word' id='word_1_13' title='bbox 776 322 910 362; x_wconf 82' lang='lat' dir='ltr'>nuper</span> <span class='ocrx_word' id='word_1_14' title='bbox 940 307 1017 350; x_wconf 86' lang='lat' dir='ltr'>hos</span> <span class='ocrx_word' id='word_1_15' title='bbox 1046 322 1190 351; x_wconf 89' lang='lat' dir='ltr'>versus</span> <span class='ocrx_word' id='word_1_16' title='bbox 1219 309 1280 352; x_wconf 88' lang='lat' dir='ltr'>ita</span> <span class='ocrx_word' id='word_1_17' title='bbox 1309 309 1491 353; x_wconf 88' lang='lat' dir='ltr'>scribere</span> <span class='ocrx_word' id='word_1_18' title='bbox 1521 311 1792 364; x_wconf 70' lang='lat' dir='ltr'>praeoptaret</span> 
     </span>
    </p>

    <p class='ocr_par' dir='ltr' id='par_1_3' title="bbox 578 378 1533 444">
     <span class='ocr_line' id='line_1_4' title="bbox 578 378 1533 444; baseline 0.004 -17"><span class='ocrx_word' id='word_1_19' title='bbox 578 380 672 427; x_wconf 72' lang='grc' dir='ltr'>ἀλλ’</span> <span class='ocrx_word' id='word_1_20' title='bbox 700 378 752 441; x_wconf 80' lang='grc' dir='ltr'>ἦν</span> <span class='ocrx_word' id='word_1_21' title='bbox 783 382 845 427; x_wconf 73' lang='grc' dir='ltr'>ὅτ’</span> <span class='ocrx_word' id='word_1_22' title='bbox 876 383 922 427; x_wconf 76' lang='grc' dir='ltr'>ἐν</span> <span class='ocrx_word' id='word_1_23' title='bbox 954 381 1165 443; x_wconf 75' lang='grc' dir='ltr'><strong><em>φώσσωνι</em></strong></span> <span class='ocrx_word' id='word_1_24' title='bbox 1194 384 1269 444; x_wconf 84' lang='grc' dir='ltr'>τὴν</span> <span class='ocrx_word' id='word_1_25' title='bbox 1298 384 1397 444; x_wconf 72' lang='grc' dir='ltr'><strong><em>ἴσην</em></strong></span> <span class='ocrx_word' id='word_1_26' title='bbox 1426 384 1533 441; x_wconf 60' lang='grc' dir='ltr'><strong><em>ἔχων</em></strong></span> 
     </span>
    </p>

    <p class='ocr_par' dir='ltr' id='par_1_4' title="bbox 349 449 1848 1288">
     <span class='ocr_line' id='line_1_5' title="bbox 571 449 1627 514; baseline 0.005 -20"><span class='ocrx_word' id='word_1_27' title='bbox 571 449 663 507; x_wconf 76' lang='grc' dir='ltr'>μετ’</span> <span class='ocrx_word' id='word_1_28' title='bbox 695 452 805 508; x_wconf 75' lang='grc' dir='ltr'><strong><em>ἐμοῦ</em></strong></span> <span class='ocrx_word' id='word_1_29' title='bbox 834 451 957 509; x_wconf 76' lang='grc' dir='ltr'><strong><em>διῆγε</em></strong></span> <span class='ocrx_word' id='word_1_30' title='bbox 985 455 1160 511; x_wconf 82' lang='grc' dir='ltr'><strong><em>μοῖραν,</em></strong></span> <span class='ocrx_word' id='word_1_31' title='bbox 1194 453 1331 497; x_wconf 66' lang='grc' dir='ltr'><strong><em>ἕλκων</em></strong></span> <span class='ocrx_word' id='word_1_32' title='bbox 1359 457 1432 512; x_wconf 82' lang='grc' dir='ltr'>τῆς</span> <span class='ocrx_word' id='word_1_33' title='bbox 1459 455 1627 514; x_wconf 79' lang='grc' dir='ltr'><strong><em>τρυγός,</em></strong></span> 
     </span>
     <span class='ocr_line' id='line_1_6' title="bbox 351 531 1848 587; baseline 0.004 -13"><span class='ocrx_word' id='word_1_34' title='bbox 351 533 430 574; x_wconf 89' lang='lat' dir='ltr'>hoc</span> <span class='ocrx_word' id='word_1_35' title='bbox 469 535 633 583; x_wconf 90' lang='lat' dir='ltr'>tamen,</span> <span class='ocrx_word' id='word_1_36' title='bbox 675 534 887 587; x_wconf 90' lang='lat' dir='ltr'>utcunque</span> <span class='ocrx_word' id='word_1_37' title='bbox 918 531 1139 583; x_wconf 76' lang='lat' dir='ltr'>statuitur,</span> <span class='ocrx_word' id='word_1_38' title='bbox 1181 535 1301 576; x_wconf 86' lang='lat' dir='ltr'>extra</span> <span class='ocrx_word' id='word_1_39' title='bbox 1340 548 1506 577; x_wconf 91' lang='lat' dir='ltr'>omnem</span> <span class='ocrx_word' id='word_1_40' title='bbox 1537 534 1848 580; x_wconf 84' lang='lat' dir='ltr'>dubitationem</span> 
     </span>
     <span class='ocr_line' id='line_1_7' title="bbox 350 598 1846 661; baseline 0.006 -22"><span class='ocrx_word' id='word_1_41' title='bbox 350 598 532 652; x_wconf 87' lang='lat' dir='ltr'>positum</span> <span class='ocrx_word' id='word_1_42' title='bbox 554 602 627 651; x_wconf 88' lang='lat' dir='ltr'>est,</span> <span class='ocrx_word' id='word_1_43' title='bbox 659 598 878 642; x_wconf 86' lang='lat' dir='ltr'>Cratinum</span> <span class='ocrx_word' id='word_1_44' title='bbox 908 598 1144 654; x_wconf 86' lang='lat' dir='ltr'>significare</span> <span class='ocrx_word' id='word_1_45' title='bbox 1171 599 1384 645; x_wconf 87' lang='lat' dir='ltr'>hominem</span> <span class='ocrx_word' id='word_1_46' title='bbox 1412 602 1581 647; x_wconf 88' lang='lat' dir='ltr'>infimae</span> <span class='ocrx_word' id='word_1_47' title='bbox 1611 604 1745 656; x_wconf 87' lang='lat' dir='ltr'>sortis,</span> <span class='ocrx_word' id='word_1_48' title='bbox 1773 605 1846 661; x_wconf 90' lang='lat' dir='ltr'>qui</span> 
     </span>
     <span class='ocr_line' id='line_1_8' title="bbox 350 668 1844 724; baseline 0.005 -15"><span class='ocrx_word' id='word_1_49' title='bbox 350 671 647 722; x_wconf 85' lang='lat' dir='ltr'>praeterquam</span> <span class='ocrx_word' id='word_1_50' title='bbox 689 668 802 724; x_wconf 90' lang='lat' dir='ltr'>quod</span> <span class='ocrx_word' id='word_1_51' title='bbox 840 668 914 710; x_wconf 89' lang='lat' dir='ltr'>vili</span> <span class='ocrx_word' id='word_1_52' title='bbox 941 668 1074 711; x_wconf 89' lang='lat' dir='ltr'>lintea</span> <span class='ocrx_word' id='word_1_53' title='bbox 1105 671 1219 712; x_wconf 89' lang='lat' dir='ltr'>veste</span> <span class='ocrx_word' id='word_1_54' title='bbox 1249 669 1420 714; x_wconf 90' lang='lat' dir='ltr'>indutus</span> <span class='ocrx_word' id='word_1_55' title='bbox 1450 675 1560 723; x_wconf 87' lang='lat' dir='ltr'>erat,</span> <span class='ocrx_word' id='word_1_56' title='bbox 1599 672 1844 716; x_wconf 83' lang='lat' dir='ltr'>vilissimam</span> 
     </span>
     <span class='ocr_line' id='line_1_9' title="bbox 356 739 1844 798; baseline 0.005 -18"><span class='ocrx_word' id='word_1_57' title='bbox 356 739 484 781; x_wconf 90' lang='lat' dir='ltr'>etiam</span> <span class='ocrx_word' id='word_1_58' title='bbox 512 739 676 782; x_wconf 84' lang='lat' dir='ltr'>biberet</span> <span class='ocrx_word' id='word_1_59' title='bbox 704 753 895 793; x_wconf 87' lang='lat' dir='ltr'>vappam.</span> <span class='ocrx_word' id='word_1_60' title='bbox 954 739 1019 781; x_wconf 82' lang='lat' dir='ltr'>Ex</span> <span class='ocrx_word' id='word_1_61' title='bbox 1049 739 1130 781; x_wconf 91' lang='lat' dir='ltr'>hoc</span> <span class='ocrx_word' id='word_1_62' title='bbox 1154 739 1285 795; x_wconf 87' lang='lat' dir='ltr'>igitur</span> <span class='ocrx_word' id='word_1_63' title='bbox 1313 741 1404 784; x_wconf 91' lang='lat' dir='ltr'>loco</span> <span class='ocrx_word' id='word_1_64' title='bbox 1433 742 1543 785; x_wconf 88' lang='lat' dir='ltr'>nihil</span> <span class='ocrx_word' id='word_1_65' title='bbox 1571 743 1720 798; x_wconf 87' lang='lat' dir='ltr'>opinor</span> <span class='ocrx_word' id='word_1_66' title='bbox 1749 758 1844 788; x_wconf 83' lang='lat' dir='ltr'>con-</span> 
     </span>
     <span class='ocr_line' id='line_1_10' title="bbox 353 808 1845 867; baseline 0.004 -17"><span class='ocrx_word' id='word_1_67' title='bbox 353 808 464 851; x_wconf 91' lang='lat' dir='ltr'>cludi</span> <span class='ocrx_word' id='word_1_68' title='bbox 500 812 667 863; x_wconf 89' lang='lat' dir='ltr'>poterat</span> <span class='ocrx_word' id='word_1_69' title='bbox 703 809 755 853; x_wconf 89' lang='lat' dir='ltr'>de</span> <span class='ocrx_word' id='word_1_70' title='bbox 791 808 943 852; x_wconf 89' lang='lat' dir='ltr'>latiore</span> <span class='ocrx_word' id='word_1_71' title='bbox 987 808 1178 852; x_wconf 85' lang='lat' dir='ltr'>vocabuli</span> <span class='ocrx_word' id='word_1_72' title='bbox 1216 808 1323 866; x_wconf 80' lang='grc' dir='ltr'><strong><em>τρύξ</em></strong></span> <span class='ocrx_word' id='word_1_73' title='bbox 1360 811 1608 867; x_wconf 85' lang='lat' dir='ltr'>significatu.</span> <span class='ocrx_word' id='word_1_74' title='bbox 1675 812 1764 856; x_wconf 78' lang='lat' dir='ltr'>Has</span> <span class='ocrx_word' id='word_1_75' title='bbox 1791 813 1845 856; x_wconf 93' lang='lat' dir='ltr'>ob</span> 
     </span>
     <span class='ocr_line' id='line_1_11' title="bbox 351 878 1847 925; baseline 0.003 -5"><span class='ocrx_word' id='word_1_76' title='bbox 351 879 536 921; x_wconf 89' lang='lat' dir='ltr'>rationes</span> <span class='ocrx_word' id='word_1_77' title='bbox 576 893 703 922; x_wconf 92' lang='lat' dir='ltr'>unam</span> <span class='ocrx_word' id='word_1_78' title='bbox 742 879 933 922; x_wconf 91' lang='lat' dir='ltr'>voculam</span> <span class='ocrx_word' id='word_1_79' title='bbox 975 892 1117 920; x_wconf 91' lang='lat' dir='ltr'>errore</span> <span class='ocrx_word' id='word_1_80' title='bbox 1161 878 1337 921; x_wconf 88' lang='lat' dir='ltr'>librarii·</span> <span class='ocrx_word' id='word_1_81' title='bbox 1367 880 1412 922; x_wconf 91' lang='lat' dir='ltr'>in</span> <span class='ocrx_word' id='word_1_82' title='bbox 1451 880 1668 924; x_wconf 82' lang='lat' dir='ltr'>Plutarchi</span> <span class='ocrx_word' id='word_1_83' title='bbox 1708 881 1847 925; x_wconf 85' lang='lat' dir='ltr'>verbis</span> 
     </span>
     <span class='ocr_line' id='line_1_12' title="bbox 353 947 1847 1005; baseline 0.001 -13"><span class='ocrx_word' id='word_1_84' title='bbox 353 950 549 992; x_wconf 86' lang='lat' dir='ltr'>omissam</span> <span class='ocrx_word' id='word_1_85' title='bbox 578 950 766 1003; x_wconf 89' lang='lat' dir='ltr'>suspicor</span> <span class='ocrx_word' id='word_1_86' title='bbox 796 952 838 1005; x_wconf 89' lang='lat' dir='ltr'>et</span> <span class='ocrx_word' id='word_1_87' title='bbox 866 947 1107 991; x_wconf 89' lang='lat' dir='ltr'>huiusmodi</span> <span class='ocrx_word' id='word_1_88' title='bbox 1128 947 1255 991; x_wconf 80' lang='lat' dir='ltr'>fuisse</span> <span class='ocrx_word' id='word_1_89' title='bbox 1282 962 1424 992; x_wconf 90' lang='lat' dir='ltr'>veram</span> <span class='ocrx_word' id='word_1_90' title='bbox 1447 949 1650 993; x_wconf 88' lang='lat' dir='ltr'>orationis</span> <span class='ocrx_word' id='word_1_91' title='bbox 1669 950 1847 994; x_wconf 88' lang='lat' dir='ltr'>formam</span> 
     </span>
     <span class='ocr_line' id='line_1_13' title="bbox 353 1014 1840 1079; baseline 0.001 -16"><span class='ocrx_word' id='word_1_92' title='bbox 353 1019 396 1064; x_wconf 74' lang='grc' dir='ltr'><strong><em>οἳ</em></strong></span> <span class='ocrx_word' id='word_1_93' title='bbox 425 1020 473 1063; x_wconf 77' lang='grc' dir='ltr'>δὲ</span> <span class='ocrx_word' id='word_1_94' title='bbox 503 1019 691 1063; x_wconf 78' lang='grc' dir='ltr'><strong><em>παλαιοὶ</em></strong></span> <span class='ocrx_word' id='word_1_95' title='bbox 727 1019 801 1063; x_wconf 80' lang='grc' dir='ltr'>καὶ</span> <span class='ocrx_word' id='word_1_96' title='bbox 830 1016 964 1078; x_wconf 83' lang='grc' dir='ltr'><em>τρύγα</em></span> <span class='ocrx_word' id='word_1_97' title='bbox 995 1017 1068 1061; x_wconf 81' lang='grc' dir='ltr'>τὸν</span> <span class='ocrx_word' id='word_1_98' title='bbox 1097 1022 1224 1062; x_wconf 80' lang='grc' dir='ltr'><strong><em>νέον</em></strong></span> <span class='ocrx_word' id='word_1_99' title='bbox 1262 1014 1380 1062; x_wconf 85' lang='grc' dir='ltr'><strong><em>οἶνον</em></strong></span> <span class='ocrx_word' id='word_1_100' title='bbox 1410 1014 1613 1079; x_wconf 67' lang='grc' dir='ltr'><strong><em>ἄντικρυς</em></strong></span> <span class='ocrx_word' id='word_1_101' title='bbox 1641 1018 1840 1065; x_wconf 75' lang='grc' dir='ltr'><strong><em>ἐκάλουν.</em></strong></span> 
     </span>
     <span class='ocr_line' id='line_1_14' title="bbox 352 1089 1840 1145; baseline 0.002 -13"><span class='ocrx_word' id='word_1_102' title='bbox 352 1090 489 1145; x_wconf 85' lang='lat' dir='ltr'>Atque</span> <span class='ocrx_word' id='word_1_103' title='bbox 522 1090 591 1132; x_wconf 88' lang='lat' dir='ltr'>hic</span> <span class='ocrx_word' id='word_1_104' title='bbox 619 1090 790 1145; x_wconf 89' lang='lat' dir='ltr'>quidem</span> <span class='ocrx_word' id='word_1_105' title='bbox 821 1089 975 1133; x_wconf 89' lang='lat' dir='ltr'>erroris</span> <span class='ocrx_word' id='word_1_106' title='bbox 1002 1103 1127 1133; x_wconf 89' lang='lat' dir='ltr'>causa</span> <span class='ocrx_word' id='word_1_107' title='bbox 1153 1103 1318 1145; x_wconf 89' lang='lat' dir='ltr'>quoque</span> <span class='ocrx_word' id='word_1_108' title='bbox 1347 1090 1572 1134; x_wconf 86' lang='lat' dir='ltr'>manifesta</span> <span class='ocrx_word' id='word_1_109' title='bbox 1600 1094 1665 1134; x_wconf 87' lang='lat' dir='ltr'>est</span> <span class='ocrx_word' id='word_1_110' title='bbox 1693 1092 1739 1135; x_wconf 89' lang='lat' dir='ltr'>in</span> <span class='ocrx_word' id='word_1_111' title='bbox 1758 1095 1840 1135; x_wconf 88' lang='lat' dir='ltr'>ter-</span> 
     </span>
     <span class='ocr_line' id='line_1_15' title="bbox 349 1161 1842 1218; baseline 0.003 -15"><span class='ocrx_word' id='word_1_112' title='bbox 349 1161 576 1204; x_wconf 88' lang='lat' dir='ltr'>minatione</span> <span class='ocrx_word' id='word_1_113' title='bbox 608 1177 655 1203; x_wconf 81' lang='grc' dir='ltr'><strong><em>ον</em></strong></span> <span class='ocrx_word' id='word_1_114' title='bbox 674 1161 739 1205; x_wconf 90' lang='lat' dir='ltr'>bis</span> <span class='ocrx_word' id='word_1_115' title='bbox 767 1162 915 1215; x_wconf 91' lang='lat' dir='ltr'>posita,</span> <span class='ocrx_word' id='word_1_116' title='bbox 945 1175 1125 1217; x_wconf 91' lang='lat' dir='ltr'>quarum</span> <span class='ocrx_word' id='word_1_117' title='bbox 1155 1176 1281 1216; x_wconf 91' lang='lat' dir='ltr'>quam</span> <span class='ocrx_word' id='word_1_118' title='bbox 1308 1161 1433 1206; x_wconf 88' lang='lat' dir='ltr'>facile</span> <span class='ocrx_word' id='word_1_119' title='bbox 1463 1162 1627 1206; x_wconf 84' lang='lat' dir='ltr'>hauriri</span> <span class='ocrx_word' id='word_1_120' title='bbox 1655 1164 1842 1218; x_wconf 86' lang='lat' dir='ltr'>potuerit</span> 
     </span>
     <span class='ocr_line' id='line_1_16' title="bbox 351 1232 1234 1288; baseline 0 -13"><span class='ocrx_word' id='word_1_121' title='bbox 351 1232 564 1283; x_wconf 88' lang='lat' dir='ltr'>alterutra,</span> <span class='ocrx_word' id='word_1_122' title='bbox 594 1232 711 1275; x_wconf 92' lang='lat' dir='ltr'>nulla</span> <span class='ocrx_word' id='word_1_123' title='bbox 742 1235 838 1288; x_wconf 85' lang='lat' dir='ltr'>eget</span> <span class='ocrx_word' id='word_1_124' title='bbox 867 1232 1234 1276; x_wconf 86' lang='lat' dir='ltr'>demonstratione.</span> 
     </span>
    </p>

    <p class='ocr_par' dir='ltr' id='par_1_5' title="bbox 349 1301 1899 2954">
     <span class='ocr_line' id='line_1_17' title="bbox 463 1301 1846 1358; baseline 0.001 -14"><span class='ocrx_word' id='word_1_125' title='bbox 463 1302 515 1344; x_wconf 91' lang='lat' dir='ltr'>In</span> <span class='ocrx_word' id='word_1_126' title='bbox 544 1303 792 1357; x_wconf 81' lang='lat' dir='ltr'>quaestione</span> <span class='ocrx_word' id='word_1_127' title='bbox 822 1316 897 1344; x_wconf 89' lang='lat' dir='ltr'>cur</span> <span class='ocrx_word' id='word_1_128' title='bbox 925 1302 1195 1358; x_wconf 85' lang='lat' dir='ltr'>Pythagorici</span> <span class='ocrx_word' id='word_1_129' title='bbox 1225 1301 1403 1356; x_wconf 81' lang='lat' dir='ltr'>piscium</span> <span class='ocrx_word' id='word_1_130' title='bbox 1437 1301 1702 1356; x_wconf 88' lang='lat' dir='ltr'>potissimum</span> <span class='ocrx_word' id='word_1_131' title='bbox 1731 1316 1846 1346; x_wconf 90' lang='lat' dir='ltr'>esum</span> 
     </span>
     <span class='ocr_line' id='line_1_18' title="bbox 352 1368 1845 1431; baseline 0.001 -15"><span class='ocrx_word' id='word_1_132' title='bbox 352 1375 548 1417; x_wconf 89' lang='lat' dir='ltr'>detestati</span> <span class='ocrx_word' id='word_1_133' title='bbox 574 1374 730 1417; x_wconf 88' lang='lat' dir='ltr'>fuerint</span> <span class='ocrx_word' id='word_1_134' title='bbox 758 1374 874 1426; x_wconf 87' lang='lat' dir='ltr'>VIII,</span> <span class='ocrx_word' id='word_1_135' title='bbox 904 1377 939 1426; x_wconf 86' lang='lat'>8,</span> <span class='ocrx_word' id='word_1_136' title='bbox 963 1378 988 1419; x_wconf 88' lang='grc'><strong>3</strong></span> <span class='ocrx_word' id='word_1_137' title='bbox 1014 1388 1054 1428; x_wconf 90' lang='lat' dir='ltr'>p.</span> <span class='ocrx_word' id='word_1_138' title='bbox 1076 1373 1196 1418; x_wconf 87' lang='lat' dir='ltr'>730d</span> <span class='ocrx_word' id='word_1_139' title='bbox 1224 1370 1333 1416; x_wconf 71' lang='grc' dir='ltr'><strong><em>ὅθεν</em></strong></span> <span class='ocrx_word' id='word_1_140' title='bbox 1359 1368 1410 1416; x_wconf 81' lang='grc' dir='ltr'><strong><em>οὗ</em></strong></span> <span class='ocrx_word' id='word_1_141' title='bbox 1439 1368 1544 1431; x_wconf 74' lang='grc' dir='ltr'><strong><em>παρ’</em></strong></span> <span class='ocrx_word' id='word_1_142' title='bbox 1572 1370 1845 1430; x_wconf 79' lang='grc' dir='ltr'><strong><em>Αἰγυπτίοις</em></strong></span> 
     </span>
     <span class='ocr_line' id='line_1_19' title="bbox 350 1438 1846 1502; baseline -0.001 -16"><span class='ocrx_word' id='word_1_143' title='bbox 350 1443 486 1499; x_wconf 85' lang='grc' dir='ltr'><strong><em>μόνον</em></strong></span> <span class='ocrx_word' id='word_1_144' title='bbox 517 1439 620 1487; x_wconf 71' lang='grc' dir='ltr'><strong><em>οὐδὲ</em></strong></span> <span class='ocrx_word' id='word_1_145' title='bbox 648 1442 829 1502; x_wconf 79' lang='grc' dir='ltr'><strong><em>Σύροις,</em></strong></span> <span class='ocrx_word' id='word_1_146' title='bbox 863 1439 976 1486; x_wconf 72' lang='grc' dir='ltr'><em>ἀλλὰ</em></span> <span class='ocrx_word' id='word_1_147' title='bbox 1016 1442 1089 1486; x_wconf 83' lang='grc' dir='ltr'>καὶ</span> <span class='ocrx_word' id='word_1_148' title='bbox 1118 1439 1222 1501; x_wconf 75' lang='grc' dir='ltr'><strong><em>παρ’</em></strong></span> <span class='ocrx_word' id='word_1_149' title='bbox 1256 1440 1438 1499; x_wconf 83' lang='grc' dir='ltr'><strong><em>Ἕλλησι</em></strong></span> <span class='ocrx_word' id='word_1_150' title='bbox 1468 1442 1640 1499; x_wconf 74' lang='grc' dir='ltr'><strong><em>γέγονεν</em></strong></span> <span class='ocrx_word' id='word_1_151' title='bbox 1669 1438 1846 1499; x_wconf 80' lang='grc' dir='ltr'><em>ἁγνείας</em></span> 
     </span>
     <span class='ocr_line' id='line_1_20' title="bbox 351 1501 1899 1571; baseline -0.001 -15"><span class='ocrx_word' id='word_1_152' title='bbox 351 1513 485 1571; x_wconf 79' lang='grc' dir='ltr'><strong><em>μέρος</em></strong></span> <span class='ocrx_word' id='word_1_153' title='bbox 516 1509 699 1570; x_wconf 71' lang='grc' dir='ltr'><strong><em>ἀποχὴ</em></strong></span> <span class='ocrx_word' id='word_1_154' title='bbox 740 1509 969 1566; x_wconf 72' lang='grc' dir='ltr'><strong><em>ἰχθύων,</em></strong></span> <span class='ocrx_word' id='word_1_155' title='bbox 1013 1513 1279 1564; x_wconf 88' lang='lat' dir='ltr'>Benselerus‚</span> <span class='ocrx_word' id='word_1_156' title='bbox 1321 1526 1508 1555; x_wconf 89' lang='lat' dir='ltr'>morosus</span> <span class='ocrx_word' id='word_1_157' title='bbox 1537 1511 1725 1567; x_wconf 87' lang='lat' dir='ltr'>alioquin</span> <span class='ocrx_word' id='word_1_158' title='bbox 1753 1511 1842 1554; x_wconf 88' lang='lat' dir='ltr'>hia-</span> <span class='ocrx_word' id='word_1_159' title='bbox 1896 1501 1899 1503; x_wconf 33' lang='grc'><strong><em>’</em></strong></span> 
     </span>
     <span class='ocr_line' id='line_1_21' title="bbox 350 1574 1847 1640; baseline -0.001 -14"><span class='ocrx_word' id='word_1_160' title='bbox 350 1588 469 1626; x_wconf 89' lang='lat' dir='ltr'>tuum</span> <span class='ocrx_word' id='word_1_161' title='bbox 498 1599 592 1627; x_wconf 89' lang='lat' dir='ltr'>osor</span> <span class='ocrx_word' id='word_1_162' title='bbox 621 1587 747 1639; x_wconf 90' lang='lat' dir='ltr'>atque</span> <span class='ocrx_word' id='word_1_163' title='bbox 777 1584 1023 1640; x_wconf 84' lang='lat' dir='ltr'>exagitator,</span> <span class='ocrx_word' id='word_1_164' title='bbox 1052 1583 1193 1626; x_wconf 88' lang='lat' dir='ltr'>verbis</span> <span class='ocrx_word' id='word_1_165' title='bbox 1224 1578 1370 1639; x_wconf 66' lang='grc' dir='ltr'><strong><em>ἀποχὴ</em></strong></span> <span class='ocrx_word' id='word_1_166' title='bbox 1402 1579 1579 1635; x_wconf 69' lang='grc' dir='ltr'><strong><em>ἰχθύων.</em></strong></span> <span class='ocrx_word' id='word_1_167' title='bbox 1611 1586 1658 1625; x_wconf 80' lang='lat' dir='ltr'>ut</span> <span class='ocrx_word' id='word_1_168' title='bbox 1686 1586 1729 1625; x_wconf 81' lang='lat' dir='ltr'>in</span> <span class='ocrx_word' id='word_1_169' title='bbox 1747 1574 1847 1625; x_wconf 62' lang='lat' dir='ltr'>cedo</span> 
     </span>
     <span class='ocr_line' id='line_1_22' title="bbox 351 1651 1844 1708; baseline 0 -13"><span class='ocrx_word' id='word_1_170' title='bbox 351 1658 455 1695; x_wconf 71' lang='lat' dir='ltr'>ritus</span> <span class='ocrx_word' id='word_1_171' title='bbox 481 1657 658 1697; x_wconf 67' lang='lat' dir='ltr'>solemnis</span> <span class='ocrx_word' id='word_1_172' title='bbox 683 1657 842 1706; x_wconf 76' lang='lat' dir='ltr'>nomine,</span> <span class='ocrx_word' id='word_1_173' title='bbox 873 1653 981 1696; x_wconf 90' lang='lat' dir='ltr'>nihil</span> <span class='ocrx_word' id='word_1_174' title='bbox 1010 1653 1192 1697; x_wconf 87' lang='lat' dir='ltr'>offensus</span> <span class='ocrx_word' id='word_1_175' title='bbox 1221 1655 1299 1703; x_wconf 85' lang='lat' dir='ltr'>est,</span> <span class='ocrx_word' id='word_1_176' title='bbox 1328 1653 1373 1694; x_wconf 92' lang='lat' dir='ltr'>in</span> <span class='ocrx_word' id='word_1_177' title='bbox 1401 1666 1484 1707; x_wconf 92' lang='lat' dir='ltr'>quo</span> <span class='ocrx_word' id='word_1_178' title='bbox 1509 1651 1663 1695; x_wconf 93' lang='lat' dir='ltr'>iudicio</span> <span class='ocrx_word' id='word_1_179' title='bbox 1687 1652 1722 1695; x_wconf 89' lang='lat' dir='ltr'>si</span> <span class='ocrx_word' id='word_1_180' title='bbox 1741 1652 1844 1708; x_wconf 90' lang='lat' dir='ltr'>quid</span> 
     </span>
     <span class='ocr_line' id='line_1_23' title="bbox 351 1722 1836 1780; baseline -0.002 -13"><span class='ocrx_word' id='word_1_181' title='bbox 351 1725 470 1768; x_wconf 88' lang='lat' dir='ltr'>video</span> <span class='ocrx_word' id='word_1_182' title='bbox 489 1726 558 1767; x_wconf 83' lang='lat' dir='ltr'>vix</span> <span class='ocrx_word' id='word_1_183' title='bbox 578 1739 838 1780; x_wconf 89' lang='lat' dir='ltr'>quemquam,</span> <span class='ocrx_word' id='word_1_184' title='bbox 868 1724 992 1767; x_wconf 92' lang='lat' dir='ltr'>modo</span> <span class='ocrx_word' id='word_1_185' title='bbox 1021 1724 1207 1779; x_wconf 87' lang='lat' dir='ltr'>aliquam</span> <span class='ocrx_word' id='word_1_186' title='bbox 1235 1723 1385 1765; x_wconf 89' lang='lat' dir='ltr'>harum</span> <span class='ocrx_word' id='word_1_187' title='bbox 1412 1737 1552 1766; x_wconf 88' lang='lat' dir='ltr'>rerum</span> <span class='ocrx_word' id='word_1_188' title='bbox 1583 1722 1738 1766; x_wconf 87' lang='lat' dir='ltr'>habeat</span> <span class='ocrx_word' id='word_1_189' title='bbox 1764 1737 1836 1765; x_wconf 93' lang='lat' dir='ltr'>no-</span> 
     </span>
     <span class='ocr_line' id='line_1_24' title="bbox 351 1792 1844 1846; baseline -0.001 -10"><span class='ocrx_word' id='word_1_190' title='bbox 351 1795 506 1846; x_wconf 88' lang='lat' dir='ltr'>titiam,</span> <span class='ocrx_word' id='word_1_191' title='bbox 537 1794 844 1838; x_wconf 87' lang='lat' dir='ltr'>adsentientem</span> <span class='ocrx_word' id='word_1_192' title='bbox 872 1794 1060 1838; x_wconf 91' lang='lat' dir='ltr'>habebit.</span> <span class='ocrx_word' id='word_1_193' title='bbox 1118 1793 1292 1836; x_wconf 83' lang='lat' dir='ltr'>Prorsus</span> <span class='ocrx_word' id='word_1_194' title='bbox 1319 1792 1432 1836; x_wconf 89' lang='lat' dir='ltr'>enim</span> <span class='ocrx_word' id='word_1_195' title='bbox 1461 1792 1623 1836; x_wconf 89' lang='lat' dir='ltr'>alienae</span> <span class='ocrx_word' id='word_1_196' title='bbox 1645 1795 1758 1844; x_wconf 87' lang='lat' dir='ltr'>sunt,</span> <span class='ocrx_word' id='word_1_197' title='bbox 1788 1792 1844 1835; x_wconf 89' lang='lat' dir='ltr'>ad</span> 
     </span>
     <span class='ocr_line' id='line_1_25' title="bbox 353 1862 1845 1919; baseline -0.001 -13"><span class='ocrx_word' id='word_1_198' title='bbox 353 1864 532 1917; x_wconf 88' lang='lat' dir='ltr'>speciem</span> <span class='ocrx_word' id='word_1_199' title='bbox 550 1864 740 1919; x_wconf 88' lang='lat' dir='ltr'>quamvis</span> <span class='ocrx_word' id='word_1_200' title='bbox 767 1864 934 1916; x_wconf 89' lang='lat' dir='ltr'>similes,</span> <span class='ocrx_word' id='word_1_201' title='bbox 963 1862 1203 1906; x_wconf 88' lang='lat' dir='ltr'>huiusmodi</span> <span class='ocrx_word' id='word_1_202' title='bbox 1233 1862 1540 1917; x_wconf 88' lang='lat' dir='ltr'>conpositiones</span> <span class='ocrx_word' id='word_1_203' title='bbox 1570 1876 1696 1905; x_wconf 86' lang='lat' dir='ltr'>unam</span> <span class='ocrx_word' id='word_1_204' title='bbox 1725 1862 1845 1917; x_wconf 85' lang='lat' dir='ltr'>quasi</span> 
     </span>
     <span class='ocr_line' id='line_1_26' title="bbox 351 1932 1846 1989; baseline -0.001 -13"><span class='ocrx_word' id='word_1_205' title='bbox 351 1935 563 1977; x_wconf 90' lang='lat' dir='ltr'>notionem</span> <span class='ocrx_word' id='word_1_206' title='bbox 597 1935 826 1979; x_wconf 87' lang='lat' dir='ltr'>formantes</span> <span class='ocrx_word' id='word_1_207' title='bbox 854 1949 903 1978; x_wconf 90' lang='lat' dir='ltr'>ac</span> <span class='ocrx_word' id='word_1_208' title='bbox 934 1938 1023 1978; x_wconf 92' lang='lat' dir='ltr'>tam</span> <span class='ocrx_word' id='word_1_209' title='bbox 1055 1937 1169 1978; x_wconf 90' lang='lat' dir='ltr'>certo</span> <span class='ocrx_word' id='word_1_210' title='bbox 1198 1934 1354 1989; x_wconf 89' lang='lat' dir='ltr'>ubique</span> <span class='ocrx_word' id='word_1_211' title='bbox 1384 1932 1551 1976; x_wconf 87' lang='lat' dir='ltr'>foedere</span> <span class='ocrx_word' id='word_1_212' title='bbox 1581 1933 1769 1985; x_wconf 86' lang='lat' dir='ltr'>iunctae,</span> <span class='ocrx_word' id='word_1_213' title='bbox 1796 1935 1846 1975; x_wconf 93' lang='lat' dir='ltr'>ut</span> 
     </span>
     <span class='ocr_line' id='line_1_27' title="bbox 349 1997 1843 2060; baseline -0.003 -13"><span class='ocrx_word' id='word_1_214' title='bbox 349 2005 535 2060; x_wconf 86' lang='lat' dir='ltr'>legentes</span> <span class='ocrx_word' id='word_1_215' title='bbox 578 2005 700 2048; x_wconf 85' lang='lat' dir='ltr'>facile</span> <span class='ocrx_word' id='word_1_216' title='bbox 736 2005 1125 2060; x_wconf 89' lang='lat' dir='ltr'>praeterlabantur,</span> <span class='ocrx_word' id='word_1_217' title='bbox 1162 2003 1293 2047; x_wconf 90' lang='lat' dir='ltr'>veluti</span> <span class='ocrx_word' id='word_1_218' title='bbox 1314 2003 1548 2056; x_wconf 53' lang='grc' dir='ltr'><strong><em>Ϊτακτικοῦ</em></strong></span> <span class='ocrx_word' id='word_1_219' title='bbox 1586 2000 1661 2044; x_wconf 84' lang='grc' dir='ltr'>καὶ</span> <span class='ocrx_word' id='word_1_220' title='bbox 1701 1997 1843 2059; x_wconf 80' lang='grc' dir='ltr'><strong><em>ἁρμο-</em></strong></span> 
     </span>
     <span class='ocr_line' id='line_1_28' title="bbox 351 2067 1844 2133; baseline -0.003 -16"><span class='ocrx_word' id='word_1_221' title='bbox 351 2076 472 2118; x_wconf 77' lang='grc' dir='ltr'><strong><em>νικοῦ</em></strong></span> <span class='ocrx_word' id='word_1_222' title='bbox 502 2071 660 2132; x_wconf 69' lang='grc' dir='ltr'><strong><em>ἀνδρός</em></strong></span> <span class='ocrx_word' id='word_1_223' title='bbox 687 2090 727 2130; x_wconf 85' lang='lat' dir='ltr'>p.</span> <span class='ocrx_word' id='word_1_224' title='bbox 764 2078 846 2120; x_wconf 87' lang='lat'>618</span> <span class='ocrx_word' id='word_1_225' title='bbox 860 2090 899 2127; x_wconf 88' lang='lat' dir='ltr'>c,</span> <span class='ocrx_word' id='word_1_226' title='bbox 939 2074 1152 2133; x_wconf 74' lang='grc' dir='ltr'><strong><em>ἐρωτικοῦ</em></strong></span> <span class='ocrx_word' id='word_1_227' title='bbox 1191 2068 1354 2129; x_wconf 75' lang='grc' dir='ltr'><strong><em>ἀνδρός</em></strong></span> <span class='ocrx_word' id='word_1_228' title='bbox 1386 2086 1426 2126; x_wconf 91' lang='lat' dir='ltr'>p.</span> <span class='ocrx_word' id='word_1_229' title='bbox 1458 2071 1577 2115; x_wconf 89' lang='lat' dir='ltr'>751b</span> <span class='ocrx_word' id='word_1_230' title='bbox 1611 2067 1844 2128; x_wconf 74' lang='grc' dir='ltr'><strong><em>(ἐρωτικὸς</em></strong></span> 
     </span>
     <span class='ocr_line' id='line_1_29' title="bbox 353 2136 1844 2202; baseline -0.003 -16"><span class='ocrx_word' id='word_1_231' title='bbox 353 2140 460 2202; x_wconf 74' lang='grc' dir='ltr'><strong><em>ἀνήρ</em></strong></span> <span class='ocrx_word' id='word_1_232' title='bbox 500 2159 538 2199; x_wconf 86' lang='lat' dir='ltr'>p.</span> <span class='ocrx_word' id='word_1_233' title='bbox 578 2145 714 2198; x_wconf 85' lang='lat' dir='ltr'>654d‚</span> <span class='ocrx_word' id='word_1_234' title='bbox 755 2146 860 2188; x_wconf 90' lang='lat' dir='ltr'>conl.</span> <span class='ocrx_word' id='word_1_235' title='bbox 898 2159 936 2199; x_wconf 92' lang='lat' dir='ltr'>p.</span> <span class='ocrx_word' id='word_1_236' title='bbox 978 2143 1108 2189; x_wconf 87' lang='lat' dir='ltr'>761b</span> <span class='ocrx_word' id='word_1_237' title='bbox 1148 2139 1435 2198; x_wconf 76' lang='grc' dir='ltr'><em>συγκλητικὸς</em></span> <span class='ocrx_word' id='word_1_238' title='bbox 1475 2136 1584 2198; x_wconf 69' lang='grc' dir='ltr'><strong><em>ἀνήρ</em></strong></span> <span class='ocrx_word' id='word_1_239' title='bbox 1624 2153 1664 2194; x_wconf 87' lang='lat' dir='ltr'>p.</span> <span class='ocrx_word' id='word_1_240' title='bbox 1695 2143 1776 2185; x_wconf 85' lang='lat'>737</span> <span class='ocrx_word' id='word_1_241' title='bbox 1793 2141 1844 2195; x_wconf 88' lang='lat' dir='ltr'>c),</span> 
     </span>
     <span class='ocr_line' id='line_1_30' title="bbox 353 2203 1842 2269; baseline -0.002 -16"><span class='ocrx_word' id='word_1_242' title='bbox 353 2214 626 2268; x_wconf 72' lang='grc' dir='ltr'><strong><em>θριαμβικοῦ</em></strong></span> <span class='ocrx_word' id='word_1_243' title='bbox 658 2209 818 2269; x_wconf 71' lang='grc' dir='ltr'><strong><em>ἀνδρός</em></strong></span> <span class='ocrx_word' id='word_1_244' title='bbox 846 2213 988 2267; x_wconf 90' lang='lat' dir='ltr'>Pomp.</span> <span class='ocrx_word' id='word_1_245' title='bbox 1019 2215 1074 2255; x_wconf 85' lang='lat'>24</span> <span class='ocrx_word' id='word_1_246' title='bbox 1103 2210 1169 2254; x_wconf 88' lang='lat' dir='ltr'>vel</span> <span class='ocrx_word' id='word_1_247' title='bbox 1197 2209 1406 2266; x_wconf 80' lang='grc' dir='ltr'><strong><em>γὺμνικοῦ</em></strong></span> <span class='ocrx_word' id='word_1_248' title='bbox 1445 2203 1613 2264; x_wconf 72' lang='grc' dir='ltr'><strong><em>α’γιῦνος</em></strong></span> <span class='ocrx_word' id='word_1_249' title='bbox 1650 2221 1690 2261; x_wconf 77' lang='lat' dir='ltr'>p,</span> <span class='ocrx_word' id='word_1_250' title='bbox 1721 2207 1842 2251; x_wconf 85' lang='lat' dir='ltr'>638b</span> 
     </span>
     <span class='ocr_line' id='line_1_31' title="bbox 351 2276 1840 2338; baseline -0.003 -15"><span class='ocrx_word' id='word_1_251' title='bbox 351 2280 416 2323; x_wconf 91' lang='lat' dir='ltr'>vel</span> <span class='ocrx_word' id='word_1_252' title='bbox 436 2281 562 2323; x_wconf 89' lang='lat' dir='ltr'>etiam</span> <span class='ocrx_word' id='word_1_253' title='bbox 592 2283 669 2323; x_wconf 83' lang='grc' dir='ltr'><strong><em>τοῦ</em></strong></span> <span class='ocrx_word' id='word_1_254' title='bbox 697 2282 836 2324; x_wconf 82' lang='grc' dir='ltr'><strong><em>καλοῦ</em></strong></span> <span class='ocrx_word' id='word_1_255' title='bbox 853 2279 1110 2338; x_wconf 76' lang='grc' dir='ltr'><strong><em>Ἀγάθωνος</em></strong></span> <span class='ocrx_word' id='word_1_256' title='bbox 1138 2293 1177 2334; x_wconf 92' lang='lat' dir='ltr'>p.</span> <span class='ocrx_word' id='word_1_257' title='bbox 1194 2282 1312 2323; x_wconf 88' lang='lat' dir='ltr'>645e</span> <span class='ocrx_word' id='word_1_258' title='bbox 1328 2279 1415 2329; x_wconf 64' lang='lat' dir='ltr'>cet„</span> <span class='ocrx_word' id='word_1_259' title='bbox 1446 2290 1624 2332; x_wconf 89' lang='lat' dir='ltr'>quorum</span> <span class='ocrx_word' id='word_1_260' title='bbox 1648 2276 1840 2330; x_wconf 88' lang='lat' dir='ltr'>exempla</span> 
     </span>
     <span class='ocr_line' id='line_1_32' title="bbox 352 2346 1842 2407; baseline -0.003 -14"><span class='ocrx_word' id='word_1_261' title='bbox 352 2352 543 2394; x_wconf 87' lang='lat' dir='ltr'>omnibus</span> <span class='ocrx_word' id='word_1_262' title='bbox 561 2356 756 2407; x_wconf 90' lang='lat' dir='ltr'>prompta</span> <span class='ocrx_word' id='word_1_263' title='bbox 785 2355 882 2395; x_wconf 87' lang='lat' dir='ltr'>sunt</span> <span class='ocrx_word' id='word_1_264' title='bbox 901 2355 943 2395; x_wconf 91' lang='lat' dir='ltr'>et</span> <span class='ocrx_word' id='word_1_265' title='bbox 966 2351 1089 2394; x_wconf 89' lang='lat' dir='ltr'>obvia</span> <span class='ocrx_word' id='word_1_266' title='bbox 1107 2365 1156 2394; x_wconf 91' lang='lat' dir='ltr'>ac</span> <span class='ocrx_word' id='word_1_267' title='bbox 1176 2347 1400 2393; x_wconf 89' lang='lat' dir='ltr'>Benselero</span> <span class='ocrx_word' id='word_1_268' title='bbox 1430 2361 1598 2389; x_wconf 90' lang='lat' dir='ltr'>suasore</span> <span class='ocrx_word' id='word_1_269' title='bbox 1618 2346 1770 2389; x_wconf 90' lang='lat' dir='ltr'>merito</span> <span class='ocrx_word' id='word_1_270' title='bbox 1796 2346 1842 2389; x_wconf 89' lang='lat' dir='ltr'>in</span> 
     </span>
     <span class='ocr_line' id='line_1_33' title="bbox 353 2415 1845 2477; baseline -0.002 -15"><span class='ocrx_word' id='word_1_271' title='bbox 353 2421 521 2463; x_wconf 89' lang='lat' dir='ltr'>civitate</span> <span class='ocrx_word' id='word_1_272' title='bbox 548 2424 732 2473; x_wconf 88' lang='lat' dir='ltr'>retenta,</span> <span class='ocrx_word' id='word_1_273' title='bbox 777 2421 850 2465; x_wconf 90' lang='lat' dir='ltr'>sed</span> <span class='ocrx_word' id='word_1_274' title='bbox 880 2436 987 2477; x_wconf 89' lang='lat' dir='ltr'>quae</span> <span class='ocrx_word' id='word_1_275' title='bbox 1016 2419 1246 2464; x_wconf 87' lang='lat' dir='ltr'>cavendum</span> <span class='ocrx_word' id='word_1_276' title='bbox 1275 2420 1339 2460; x_wconf 90' lang='lat' dir='ltr'>est</span> <span class='ocrx_word' id='word_1_277' title='bbox 1367 2431 1419 2460; x_wconf 90' lang='lat' dir='ltr'>ne</span> <span class='ocrx_word' id='word_1_278' title='bbox 1450 2431 1545 2459; x_wconf 92' lang='lat' dir='ltr'>cum</span> <span class='ocrx_word' id='word_1_279' title='bbox 1574 2415 1845 2460; x_wconf 90' lang='lat' dir='ltr'>dissimilibus</span> 
     </span>
     <span class='ocr_line' id='line_1_34' title="bbox 353 2478 1841 2547; baseline -0.001 -15"><span class='ocrx_word' id='word_1_280' title='bbox 353 2493 650 2544; x_wconf 86' lang='lat' dir='ltr'>conponantur.</span> <span class='ocrx_word' id='word_1_281' title='bbox 714 2491 764 2534; x_wconf 90' lang='lat' dir='ltr'>In</span> <span class='ocrx_word' id='word_1_282' title='bbox 794 2505 876 2547; x_wconf 91' lang='lat' dir='ltr'>quo</span> <span class='ocrx_word' id='word_1_283' title='bbox 906 2491 961 2534; x_wconf 94' lang='lat' dir='ltr'>ad</span> <span class='ocrx_word' id='word_1_284' title='bbox 984 2491 1064 2534; x_wconf 92' lang='lat' dir='ltr'>hoc</span> <span class='ocrx_word' id='word_1_285' title='bbox 1092 2489 1357 2545; x_wconf 88' lang='lat' dir='ltr'>potissimum</span> <span class='ocrx_word' id='word_1_286' title='bbox 1399 2478 1625 2544; x_wconf 82' lang='lat' dir='ltr'>diligentei·</span> <span class='ocrx_word' id='word_1_287' title='bbox 1653 2488 1841 2531; x_wconf 88' lang='lat' dir='ltr'>animum</span> 
     </span>
     <span class='ocr_line' id='line_1_35' title="bbox 352 2557 1835 2613; baseline 0 -13"><span class='ocrx_word' id='word_1_288' title='bbox 352 2559 511 2601; x_wconf 84' lang='lat' dir='ltr'>adverti</span> <span class='ocrx_word' id='word_1_289' title='bbox 539 2574 706 2604; x_wconf 89' lang='lat' dir='ltr'>necesse</span> <span class='ocrx_word' id='word_1_290' title='bbox 736 2564 818 2613; x_wconf 90' lang='lat' dir='ltr'>est,</span> <span class='ocrx_word' id='word_1_291' title='bbox 849 2564 896 2603; x_wconf 93' lang='lat' dir='ltr'>ut</span> <span class='ocrx_word' id='word_1_292' title='bbox 923 2559 1146 2604; x_wconf 87' lang='lat' dir='ltr'>mutabilia</span> <span class='ocrx_word' id='word_1_293' title='bbox 1174 2558 1466 2601; x_wconf 90' lang='lat' dir='ltr'>discernantur</span> <span class='ocrx_word' id='word_1_294' title='bbox 1505 2557 1558 2601; x_wconf 91' lang='lat' dir='ltr'>ab</span> <span class='ocrx_word' id='word_1_295' title='bbox 1595 2557 1835 2602; x_wconf 74' lang='lat' dir='ltr'>immutabi-</span> 
     </span>
     <span class='ocr_line' id='line_1_36' title="bbox 351 2623 1843 2682; baseline 0.001 -17"><span class='ocrx_word' id='word_1_296' title='bbox 351 2624 472 2668; x_wconf 87' lang='lat' dir='ltr'>libus.</span> <span class='ocrx_word' id='word_1_297' title='bbox 541 2625 679 2680; x_wconf 90' lang='lat' dir='ltr'>Atque</span> <span class='ocrx_word' id='word_1_298' title='bbox 721 2626 829 2669; x_wconf 89' lang='lat' dir='ltr'>fixae</span> <span class='ocrx_word' id='word_1_299' title='bbox 868 2626 1039 2682; x_wconf 90' lang='lat' dir='ltr'>quidem</span> <span class='ocrx_word' id='word_1_300' title='bbox 1091 2625 1191 2668; x_wconf 90' lang='lat' dir='ltr'>illae</span> <span class='ocrx_word' id='word_1_301' title='bbox 1231 2624 1450 2666; x_wconf 89' lang='lat' dir='ltr'>iuncturae</span> <span class='ocrx_word' id='word_1_302' title='bbox 1500 2623 1602 2679; x_wconf 82' lang='lat' dir='ltr'>quid</span> <span class='ocrx_word' id='word_1_303' title='bbox 1641 2623 1843 2667; x_wconf 91' lang='lat' dir='ltr'>momenti</span> 
     </span>
     <span class='ocr_line' id='line_1_37' title="bbox 353 2689 1842 2747; baseline 0.003 -17"><span class='ocrx_word' id='word_1_304' title='bbox 353 2689 546 2732; x_wconf 88' lang='lat' dir='ltr'>adferant</span> <span class='ocrx_word' id='word_1_305' title='bbox 586 2692 722 2734; x_wconf 89' lang='lat' dir='ltr'>hiatui</span> <span class='ocrx_word' id='word_1_306' title='bbox 752 2692 989 2736; x_wconf 89' lang='lat' dir='ltr'>excusando</span> <span class='ocrx_word' id='word_1_307' title='bbox 1017 2692 1172 2747; x_wconf 91' lang='lat' dir='ltr'>optime</span> <span class='ocrx_word' id='word_1_308' title='bbox 1203 2690 1467 2746; x_wconf 86' lang='lat' dir='ltr'>cognoscitur</span> <span class='ocrx_word' id='word_1_309' title='bbox 1507 2691 1563 2742; x_wconf 91' lang='lat' dir='ltr'>si,</span> <span class='ocrx_word' id='word_1_310' title='bbox 1592 2690 1761 2746; x_wconf 86' lang='lat' dir='ltr'>quando</span> <span class='ocrx_word' id='word_1_311' title='bbox 1790 2705 1842 2735; x_wconf 86' lang='lat' dir='ltr'>ex</span> 
     </span>
     <span class='ocr_line' id='line_1_38' title="bbox 355 2757 1838 2817; baseline 0.003 -18"><span class='ocrx_word' id='word_1_312' title='bbox 355 2757 477 2800; x_wconf 85' lang='lat' dir='ltr'>solito</span> <span class='ocrx_word' id='word_1_313' title='bbox 506 2760 731 2803; x_wconf 83' lang='lat' dir='ltr'>variaverit</span> <span class='ocrx_word' id='word_1_314' title='bbox 767 2764 914 2804; x_wconf 88' lang='lat' dir='ltr'>auctor</span> <span class='ocrx_word' id='word_1_315' title='bbox 944 2774 1027 2817; x_wconf 89' lang='lat' dir='ltr'>qua</span> <span class='ocrx_word' id='word_1_316' title='bbox 1055 2759 1218 2803; x_wconf 91' lang='lat' dir='ltr'>ratione</span> <span class='ocrx_word' id='word_1_317' title='bbox 1256 2758 1301 2801; x_wconf 88' lang='lat' dir='ltr'>id</span> <span class='ocrx_word' id='word_1_318' title='bbox 1329 2758 1487 2802; x_wconf 87' lang='lat' dir='ltr'>factum</span> <span class='ocrx_word' id='word_1_319' title='bbox 1525 2759 1599 2812; x_wconf 90' lang='lat' dir='ltr'>sit,</span> <span class='ocrx_word' id='word_1_320' title='bbox 1640 2759 1838 2804; x_wconf 83' lang='lat' dir='ltr'>adcurate</span> 
     </span>
     <span class='ocr_line' id='line_1_39' title="bbox 353 2829 1843 2886; baseline 0.003 -17"><span class='ocrx_word' id='word_1_321' title='bbox 353 2830 692 2882; x_wconf 81' lang='lat' dir='ltr'>perscrutaberis,</span> <span class='ocrx_word' id='word_1_322' title='bbox 762 2831 886 2875; x_wconf 85' lang='lat' dir='ltr'>Cuius</span> <span class='ocrx_word' id='word_1_323' title='bbox 935 2831 998 2875; x_wconf 91' lang='lat' dir='ltr'>rei</span> <span class='ocrx_word' id='word_1_324' title='bbox 1039 2844 1243 2886; x_wconf 89' lang='lat' dir='ltr'>perquam</span> <span class='ocrx_word' id='word_1_325' title='bbox 1282 2829 1554 2874; x_wconf 87' lang='lat' dir='ltr'>memorabile</span> <span class='ocrx_word' id='word_1_326' title='bbox 1604 2829 1843 2885; x_wconf 85' lang='lat' dir='ltr'>exemplum</span> 
     </span>
     <span class='ocr_line' id='line_1_40' title="bbox 356 2896 1843 2954; baseline 0.003 -15"><span class='ocrx_word' id='word_1_327' title='bbox 356 2898 469 2939; x_wconf 85' lang='lat' dir='ltr'>extat</span> <span class='ocrx_word' id='word_1_328' title='bbox 497 2896 541 2938; x_wconf 89' lang='lat' dir='ltr'>in</span> <span class='ocrx_word' id='word_1_329' title='bbox 570 2897 724 2942; x_wconf 86' lang='lat' dir='ltr'>Erotio.</span> <span class='ocrx_word' id='word_1_330' title='bbox 754 2912 795 2954; x_wconf 86' lang='lat' dir='ltr'>p.</span> <span class='ocrx_word' id='word_1_331' title='bbox 828 2903 910 2944; x_wconf 87' lang='lat'>754</span> <span class='ocrx_word' id='word_1_332' title='bbox 924 2899 969 2952; x_wconf 85' lang='lat' dir='ltr'>d,</span> <span class='ocrx_word' id='word_1_333' title='bbox 998 2898 1072 2943; x_wconf 87' lang='lat' dir='ltr'>ubi</span> <span class='ocrx_word' id='word_1_334' title='bbox 1101 2911 1195 2943; x_wconf 89' lang='lat' dir='ltr'>cum</span> <span class='ocrx_word' id='word_1_335' title='bbox 1218 2897 1305 2943; x_wconf 86' lang='lat' dir='ltr'>leni</span> <span class='ocrx_word' id='word_1_336' title='bbox 1333 2897 1556 2943; x_wconf 88' lang='lat' dir='ltr'>verborum</span> <span class='ocrx_word' id='word_1_337' title='bbox 1597 2897 1843 2944; x_wconf 84' lang='lat' dir='ltr'>traiectione</span> 
     </span>
    </p>
   </div>
  </div>
 </body>
</html>
