1962 3314
402 178 419 201 ¹
876 184 1156 224 -10—

269 293 469 349 πεμπτὸς
515 292 660 351 ἔλεγεν
706 291 825 351 ἥκειν
865 290 953 337 ὑπὸ
994 294 1075 336 τοῦ
1119 290 1395 349 Ἀνούβιδος,
1447 291 1579 351 ἔρωτι
1622 288 1756 350 αὖτῆς

267 361 514 422 ἡσσημένου
553 365 633 406 τοῦ
674 365 788 405 θεοῦ
824 360 1078 414 κελεύοντός
1115 378 1162 405 τε
1203 358 1263 413 ὡς
1292 357 1422 405 αὐτὸν
1463 361 1626 405 ἐλθεῖν.
1691 362 1759 419 Τῇ

268 430 317 474 δὲ
346 427 496 481 εὐκτὸς
521 427 543 471 ὃ
563 428 693 487 λόγος
721 424 787 487 ἦν,
818 429 892 472 καὶ
920 432 1018 480 ταῖς
1046 445 1093 472 τε
1123 427 1279 486 φίλαις
1307 427 1680 482 ἐνεκαλλωπίζετο
1703 430 1760 486 τῇ

268 499 343 542 ἐπὶ
365 498 539 549 τούτοις
559 495 740 550 ἀξιώσει
769 500 848 541 τοῦ
869 494 1127 553 Ἀνούβιδος
1156 498 1230 540 καὶ
1259 496 1418 555 φράζει
1449 498 1562 556 πρὸς
1582 497 1656 541 τὸν
1682 492 1757 541 ‘'iv-

269 571 365 627 δρα,
398 566 628 611 δεῖπνόν
657 584 717 611 τε
747 564 887 626 αυτῇ
915 567 1009 611 καὶ
1040 563 1195 625 εὐνὴν
1223 569 1304 610 τοῦ
1326 563 1583 622 Ἀνούβιδος
1613 565 1757 625 εἰσηγ-

270 637 442 694 γέλθαι.
489 636 728 695 Συνεχώρει
760 633 798 679 δ’
819 636 994 688 ἐκεῖνος,
1024 636 1101 694 τὴν
1132 635 1422 694 σωφροσύνην
1450 639 1527 694 τῆς
1556 637 1759 694 γυναικὸς

269 702 622 759 ἐξεπιστάμενος.
685 707 834 760 ’Χωρεῖ
861 698 937 746 οὖν
967 702 1030 755 εἰς
1058 720 1108 746 το
1139 704 1340 758 τέμενος,
1380 703 1476 747 καὶ
1519 701 1759 761 δειπνή-

269 789 432 825 σασα,
466 769 527 824 ὡς
553 771 693 818 ύπνου
724 789 876 830 καιρος
902 767 965 829 ἦν,
1008 773 1390 815 κλεισθεισῶν
1425 774 1531 816 τῶν
1570 774 1760 830 θυρῶν

271 840 373 886 ὑπὸ
400 844 498 885 τοῦ
527 840 750 901 ἱερέως,
783 839 906 884 ἔνδον
935 840 980 884 ἐν
1009 843 1072 898 τῷ
1103 843 1193 898 ναῷ
1221 841 1374 885 καὶτὰ
1398 841 1529 896 λύχνα
1560 839 1759 885 ἐκποδῶν

270 907 332 971 ἦν,
364 913 438 956 καὶ
469 910 492 955 ὃ
524 914 735 963 ,Μοῦνδος
765 912 1118 971 (προεκέκρυπτο
1150 912 1232 972 γὰρ
1262 913 1382 971 τῇδε)
1407 909 1484 967 ούχ
1514 909 1760 972 ἡμάρτανεν

270 980 451 1037 ὁμιλιῶν
493 986 579 1026 τῶν
610 983 725 1039 πρὸς
754 979 900 1039 αὐτὴν,
946 979 1181 1034 παννύχιόν
1210 998 1257 1025 τε
1300 980 1420 1039 αὐτῷ
1451 980 1757 1039 διηκονήσατο,

270 1051 542 1109 ὑπειληφυῖα
570 1052 677 1096 θεὸν
700 1048 825 1096 εἶναι.
888 1053 979 1104 Qua
1007 1053 1052 1094 in
1081 1052 1396 1095 narratiuncula
1413 1052 1536 1096 facile
1557 1066 1763 1108 quemque

271 1138 392 1178 spero
431 1125 674 1180 agniturum
714 1127 873 1178 quanta
913 1123 969 1166 sit
1008 1138 1102 1166 cum
1140 1127 1305 1167 vetusta
1341 1123 1486 1167 fabula
1522 1124 1569 1166 in
1603 1123 1763 1167 relicua

270 1192 508 1235 differentia
537 1194 711 1235 externa
739 1191 888 1233 saltem
918 1190 1166 1242 similitudo,
1196 1191 1243 1233 in
1273 1205 1322 1233 eo
1347 1204 1511 1246 quoque
1537 1190 1762 1244 conspicua

271 1260 382 1315 quod
411 1260 623 1302 simillimo
664 1259 968 1313 hospitalitatis
1006 1273 1157 1315 genere
1199 1262 1375 1313 excepta
1414 1256 1539 1301 fuisse
1579 1257 1762 1301 traditur

270 1331 414 1374 ficticii
449 1330 517 1374 dei
543 1330 750 1373 Anubidis
780 1330 952 1372 conviva
960 1331 1013 1385 *).

384 1402 483 1444 Post
505 1397 678 1457 lon'gum
705 1401 1006 1444 deverticulum
1026 1401 1081 1444 ad
1102 1400 1376 1443 Plutarchum
1399 1399 1660 1443 redeundum
1689 1402 1762 1450 est,

270 1472 382 1526 apud
410 1485 536 1526 quem
564 1474 794 1526 sequuntur
821 1470 974 1513 dehinc
1002 1470 1106 1514 haec
1130 1469 1281 1513 verba:
1313 1467 1387 1511 καὶ
1406 1467 1560 1522 μέντοι
1582 1466 1656 1511 καὶ
1685 1467 1762 1511 τὸν

274 1541 378 1585 θεὸν
398 1540 582 1594 ἐντυχεῖν
600 1541 773 1597 λέγεται
794 1542 848 1598 τῆ
877 1541 1046 1597 γυναικὶ
1074 1539 1148 1583 καὶ
1173 1539 1376 1583 κελεῦσαι
1399 1537 1596 1595 βαδίζειν
1617 1539 1761 1583 ἕωθεν

273 1611 350 1655 ἐπὶ
375 1611 453 1668 τὴν
483 1607 649 1670 ἀγορὰν
678 1610 752 1653 καὶ
781 1609 858 1653 τὸν·
883 1606 1194 1668 ἅπαντήσοντα
1236 1611 1410 1668 πρῶτον
1441 1605 1759 1666 ἅσπασαμὲνην

275 1684 511 1725 ποιεῖσθαι
541 1679 685 1738 φίλον.
753 1677 1023 1737 Ἀπήντησεν
1054 1675 1128 1723 οὖν
1168 1676 1278 1737 αὐτῇ
1315 1680 1400 1721 τῶν
1431 1679 1624 1722 πολιτῶν
1654 1674 1761 1737 ἀνὴρ

274 1748 502 1808 ἡλικίας
529 1766 585 1793 τε
617 1747 808 1807 πόρρω
843 1747 988 1807 ἥκων
1015 1748 1089 1792 καὶ
1123 1746 1382 1802 συνειλοχιῠς
1411 1744 1565 1791 οὐσίαν
1594 1747 1757 1806 ἱκανὴν,

273 1816 413 1871 δίπαις
442 1820 490 1863 δὲ
519 1818 591 1862 καὶ
622 1817 846 1873 βεβιωκώς
874 1813 976 1861 div-ev
1004 1818 1206 1875 γυναικὸς
1237 1813 1377 1871 ὄνομα
1407 1816 1662 1875 Ταρούτιος.
1709 1817 1760 1861 In

272 1891 339 1934 his
366 1889 479 1933 haud
506 1889 633 1932 dubie
661 1889 811 1932 vitiata
839 1892 937 1931 sunt
975 1887 1129 1947 πόρρω
1161 1886 1276 1946 ἥκων
1305 1888 1517 1944 mirorque
1546 1889 1758 1943 patienter

274 1965 362 2004 tam
389 1960 463 2003 diu
491 1961 693 2015 concoqui
731 1959 916 2013 potuisse
945 1958 1232 2002 foedissimum
1261 1958 1446 2001 omnium
1474 1957 1637 2001 hiatum
1666 1961 1709 2002 et
1736 1972 1763 2001 a

273 2027 497 2070 Benselero
527 2030 570 2070 et
607 2041 634 2069 a
662 2026 826 2069 Sinteni
862 2026 952 2068 viro
991 2025 1179 2081 egregio,
1221 2025 1389 2080 quicum
1427 2025 1576 2083 multo*
1596 2025 1761 2079 saepius

275 2094 509 2138 consentire
536 2108 663 2149 quam
693 2093 917 2136 dissentire
945 2093 1081 2136 velim.
1148 2093 1208 2135 Ac
1237 2095 1404 2146 poterat
1432 2106 1531 2135 sane
1558 2092 1762 2135 vocalium

276 2178 499 2208 concursus
518 2163 848 2206 commodissime
869 2162 1074 2205 removeri
1092 2161 1322 2214 Pausaniae
1346 2161 1535 2215 exemplo
1558 2160 1623 2215 (X,
1637 2164 1701 2212 31,
1713 2164 1759 2204 9:

275 2232 301 2291 ἡ
330 2235 377 2279 δὲ
407 2229 487 2292 ἤδη
519 2236 592 2290 τῆς
628 2229 800 2290 ἡλικίας
837 2230 1119 2290 προήκουσα)
1151 2231 1391 2274 scribendo:
1439 2226 1546 2288 ἀνὴρ
1587 2227 1762 2287 ἡλικίας

278 2317 323 2343 τε
354 2297 572 2358 προήκων,
602 2299 685 2351 vel,
715 2298 827 2354 quod
846 2298 1038 2353 inprimis
1066 2297 1270 2348 notabile,
1297 2300 1525 2352 praeeunte
1551 2297 1646 2350 ipso
1665 2297 1759 2339 Plu—

276 2368 422 2411 tarcho
451 2367 582 2412 Alcib.
617 2370 667 2411 18
699 2367 851 2411 Sertor.
876 2371 922 2410 4:
955 2362 1060 2424 ἀνὴρ
1088 2362 1237 2423 ἡλικίᾳ
1262 2380 1310 2408 τε
1340 2364 1567 2423 προήκων,-
1597 2365 1643 2408 in
1671 2365 1752 2409 fre-

370 2517 404 2560 *)
429 2518 579 2551 Deorum
605 2517 795 2562 pulvinaria
819 2516 911 2550 haud
930 2526 1003 2550 raro
1020 2516 1179 2549 nefandis
1198 2515 1414 2550 lubidinibus
1435 2515 1566 2559 polluta
1585 2526 1677 2561 esse,
1702 2516 1762 2550 ad-

279 2580 391 2624 posite
425 2579 600 2613 Iliensium
627 2581 799 2622 virginum
835 2578 1011 2622 exemplo,
1045 2582 1123 2611 ante
1156 2579 1293 2620 nuptias
1326 2577 1394 2610 deo
1429 2577 1642 2612 Scamandro
1671 2591 1764 2623 παρ-

280 2642 409 2674 θενίαν
433 2637 668 2680 offerentium,
692 2638 873 2681 explicavit
895 2636 1039 2671 Lobeck
1061 2635 1233 2679 Aglaoph.
1250 2647 1281 2679 p.
1300 2637 1365 2670 610
1385 2636 1463 2671 coll.
1478 2636 1640 2671 Aeschin.
1657 2636 1718 2681 Ep.
1735 2636 1765 2670 X

280 2707 312 2740 p.
331 2697 408 2731 681.
445 2697 557 2739 Atque
582 2697 656 2738 ipse
681 2695 903 2738 Plutarchus,
931 2696 1031 2729 cuius
1055 2695 1158 2733 gratia
1181 2694 1269 2728 hacc
1294 2698 1387 2727 extra
1406 2705 1548 2728 causam
1574 2695 1763 2729 admonere

280 2753 428 2797 placuit,
454 2753 626 2786 eiusmodi
650 2753 733 2795 quid
757 2753 913 2786 innuisse
936 2752 1072 2785 videtur
1095 2750 1215 2796 Symp.
1233 2761 1265 2793 p.
1287 2751 1350 2784 682
1361 2761 1390 2785 c.
1442 2750 1508 2785 Csr.
1528 2751 1764 2793 Friedlfinder‚

280 2811 546 2854 Darstellungen
570 2822 600 2844 a.
626 2811 658 2844 d.
686 2809 1000 2854 Sittengeschichte
1025 2810 1132 2843 Roms
1156 2820 1189 2852 p.
1215 2810 1291 2843 295.
1326 2810 1539 2853 Marquardt,
1568 2809 1762 2845 Handbuch

283 2872 316 2905 d.
331 2871 370 2905 R.
387 2872 426 2903 Λ.
447 2870 505 2913 lv,
526 2871 579 2903 87.
629 2870 767 2914 Preller,
792 2871 893 2905 Rom.
912 2868 1017 2915 Myth.
1035 2880 1067 2912 p.
1088 2869 1164 2903 728.
1208 2869 1250 2902 Et
1275 2870 1352 2911 quis
1377 2870 1512 2912 ignorat
1535 2870 1619 2912 quid
1639 2868 1764 2902 Veneri

282 2930 458 2965 Praxitelis
486 2930 586 2963 Gnidi
610 2931 797 2964 acciderit?
