1962 3314
917 177 962 183 .-
1023 156 1077 197 42
1147 179 1187 183 ,η

310 265 504 320 cupidius
534 279 582 309 eo
612 265 828 309 inclinant.
895 266 1006 309 Illud
1036 269 1177 310 autem
1199 266 1415 310 verissime
1445 266 1712 310 observatum
1738 265 1804 306 est

312 333 572 376 sexcentiens
601 347 740 377 crases
770 348 796 377 a
816 334 965 377 scribis
993 334 1176 388 inperite
1203 335 1445 377 obscuratas
1470 347 1569 385 esse,
1596 336 1644 376 ut
1667 345 1802 386 saepe,

314 403 350 445 si
379 404 472 458 quis
497 403 577 446 hoc
606 404 714 459 agit,
745 419 796 446 ex
824 404 1000 447 vetustis
1029 403 1262 457 scripturae
1290 403 1539 457 corruptelis
1561 401 1804 444 nitidiorem

310 472 492 515 auctoris
531 472 732 528 indagare
772 474 905 527 possit
943 472 1154 515 scribendi
1194 473 1411 516 rationem.
1482 472 1672 515 Eximius
1711 473 1803 514 erat

311 543 365 586 ad
390 543 493 586 haec
519 543 807 587 confirmanda
835 545 950 586 locus
979 545 1024 585 in
1054 544 1160 587 Plut.
1192 543 1330 599 Symp.
1358 543 1459 596 VII,
1490 548 1524 595 1,
1553 546 1578 587 3
1608 557 1648 597 p.
1669 544 1752 586 699
1767 555 1801 591 e,

308 611 382 654 ubi
399 611 604 654 librorum
616 612 828 666 potiorum
846 612 970 654 lectio
989 610 1066 669 τὴν
1096 610 1237 669 πρὸς
1267 610 1327 654 τὸ
1357 607 1526 670 ὑγρὸν
1556 605 1804 663 ἐπιθυμίαν

308 697 360 724 ex
379 681 619 725 coniectura
642 682 844 725 mutanda
866 686 957 724 erat
979 682 1024 723 in
1046 681 1158 740 πρὸς
1178 676 1375 739 τοῦργον,
1399 680 1512 736 quod
1531 694 1625 723 cum
1644 677 1806 732 scribae

310 765 402 794 sero
432 751 522 793 nati
551 751 603 794 de
633 766 748 794 more
778 752 823 793 in
853 765 1116 794 communem
1150 751 1306 805 quippe
1344 750 1423 793 sibi
1454 750 1621 804 suisque
1649 761 1802 802 aequa—

308 819 420 862 libus
454 819 770 863 familiariorem
807 820 1063 875 refingerent
1097 819 1292 870 formam,
1330 817 1414 861 non
1448 821 1513 861 est
1550 818 1703 860 mirum
1733 830 1804 860 eos

309 890 485 933 adsidua
513 892 634 946 quasi
663 905 852 934 errorum
881 889 1182 934 consuetudine
1213 893 1449 944 corruptos,
1479 887 1704 931 ridiculum
1730 901 1800 941 pe·

308 959 465 1013 perisse
494 958 544 1001 τὸ
577 955 708 1018 ὑγρόν
740 960 829 1016 (cfr.
859 960 1026 1011 Quaest.
1056 959 1162 1002 Plut.
1184 958 1250 1001 111
1278 959 1305 1001 1.
1327 959 1409 1015 1.*)
1442 962 1485 1002 et
1518 957 1658 1009 Cobet,
1688 956 1804 999 cuius

307 1027 529 1071 adsensum
570 1043 636 1072 me
676 1029 822 1072 tulisse
861 1029 1132 1072 vehementer
1170 1028 1321 1079 laetor,
1372 1029 1418 1070 in
1454 1028 1655 1071 Mnemos.
1696 1028 1803 1070 1862

306 1114 346 1154 p.
379 1100 490 1156 335.)

420 1169 622 1213 Similiter
642 1170 877 1213 scribarum
899 1184 1016 1213 error
1046 1171 1091 1212 in
1119 1170 1247 1213 simili
1277 1184 1404 1213 causa
1431 1169 1675 1212 commissus
1701 1167 1805 1224 quid

306 1236 534 1291 genuinum
565 1236 630 1288 sit,
657 1236 946 1280 demonstrare
974 1237 1131 1291 poterit
1157 1237 1202 1279 in
1232 1237 1371 1293 Symp.
1389 1236 1472 1288 ΙΙΙ,
1499 1241 1537 1287 4,
1569 1239 1594 1280 3
1625 1250 1664 1290 p.
1687 1239 1767 1279 651
1786 1235 1808 1277 f

305 1306 378 1348 ubi
393 1306 588 1349 densiora
618 1321 708 1349 esse
728 1307 952 1350 mulierum
978 1321 1105 1362 quam
1124 1307 1310 1350 virorum
1338 1321 1525 1361 corpora,
1555 1305 1660 1348 disci
1679 1319 1800 1359 posse

309 1373 568 1429 significatur
598 1389 650 1417 ex
671 1374 772 1416 viris
801 1374 1174 1418 concumbentibus
1203 1390 1298 1417 cum
1317 1374 1564 1418 mulieribus
1592 1375 1804 1429 unguento

306 1449 380 1488 aut
417 1445 509 1488 oleo
548 1444 757 1488 delibutis.
827 1445 986 1496 Quibus
1034 1446 1226 1500 proxima
1266 1445 1564 1488 continuantur
1608 1444 1654 1486 in
1689 1443 1802 1491 huuc

306 1513 496 1556 modum:
541 1511 911 1568 ἀναπίμπλανται
943 1513 1025 1571 γὰρ
1057 1511 1230 1557 αὐτοῦ
1271 1517 1364 1557 τοῦ
1391 1513 1634 1573 χρίσμαιος
1665 1512 1709 1556 ἐν
1738 1514 1802 1570 τῷ

309 1579 638 1638 συγκαθεύδειν,
659 1576 739 1624 κᾶν
767 1579 828 1638 μὴ
853 1579 1019 1638 θίγωσι
1047 1581 1159 1638 μηδὲ
1189 1580 1518 1640 προσάψωνται
1542 1582 1627 1623 τῶν
1655 1574 1805 1636 ymniu—

306 1651 403 1693 κῶν.
444 1649 495 1691 In
523 1650 591 1692 his
615 1650 804 1704 profecto
835 1665 919 1693 non
942 1651 1043 1694 satis
1063 1655 1157 1694 erat
1178 1651 1383 1707 refingere
1417 1652 1495 1693 τοῦ
1516 1646 1662 1701 αὐτοῦ,
1684 1649 1801 1692 cuius

305 1720 398 1763 loco
423 1720 618 1764 usitatius
648 1720 762 1764 haud
784 1720 911 1764 dubie
943 1721 1145 1775 scriptum
1173 1724 1283 1764 esset
1313 1715 1489 1764 ταύτοῦ.
1546 1719 1680 1762 Immo
1709 1733 1802 1762 cum

395 1915 429 1956 ἔς)
454 1914 618 1950 Crasibus
643 1926 663 1949 a
679 1914 865 1949 Plutarcho
895 1925 1034 1958 semper
1061 1915 1211 1948 fortasse
1235 1914 1406 1957 usurpatis
1431 1914 1729 1948 adnumerandum
1749 1918 1802 1947 est

305 1978 406 2010 etiam
431 1970 594 2020 τοῦψον,
624 1976 768 2010 feliciter
803 1980 976 2010 servatum
1013 1976 1047 2009 in
1074 1974 1194 2020 Symp.
1223 1975 1297 2007 Vlll
1330 1974 1435 2008 Praei.
1462 1984 1498 2017 p.
1525 1974 1628 2008 716e.
1677 1976 1727 2007 Ac
1751 1983 1802 2007 re-

305 2034 518 2067 stituendum
542 2032 610 2067 hoc
640 2037 734 2066 esset
758 2033 813 2067 vel
839 2034 914 2066 sine
938 2034 1101 2067 librorum
1130 2033 1259 2066 indicio
1285 2031 1369 2066 Mor.
1384 2042 1417 2074 p.
1439 2032 1505 2065 236
1518 2032 1553 2073 b,
1580 2035 1617 2065 ut
1634 2029 1799 2065 Clementi

307 2094 401 2128 Alex.
428 2093 534 2126 Paed.
566 2094 590 2125 ΙΙ
618 2104 650 2137 p.
679 2095 745 2127 283
769 2094 794 2126 P
821 2105 882 2137 pro
907 2094 1089 2127 manifesto
1114 2094 1197 2127 vitio
1226 2090 1262 2127 τὸ
1292 2090 1386 2136 ὕψος
1410 2091 1560 2125 reddidit
1591 2090 1703 2138 Cobet
1725 2091 1747 2125 l.
1775 2091 1796 2125 Ι.

306 2153 395 2187 conl.
422 2153 531 2187 Praes.
559 2154 600 2185 ad
629 2154 715 2187 Nov.
744 2153 836 2187 Lect.
862 2164 895 2196 p.
921 2152 1016 2196 xlv,
1051 2154 1079 2186 si
1106 2152 1311 2186 Plutarchus
1335 2156 1457 2186 auctor
1480 2155 1574 2185 esset
1599 2150 1799 2195 Apophthe—

306 2212 460 2251 gmatum
485 2208 757 2251 Laconicorum,
793 2220 907 2252 neque
944 2209 1051 2242 homo
1086 2210 1144 2251 qui
1171 2209 1413 2242 ne'minimam
1442 2208 1585 2251 quidem
1609 2218 1726 2243 curam
1755 2209 1799 2242 ad

305 2267 479 2300 eiusmodi
512 2266 627 2301 hiatus
657 2268 840 2301 evitandos
875 2268 1081 2302 adhibuerit.
1139 2267 1189 2300 Ex
1219 2267 1344 2301 eodem
1378 2277 1506 2310 genere
1537 2271 1591 2301 est
1622 2264 1800 2312 τᾶλευρον

304 2323 434 2365 inpune
460 2327 634 2356 servatum
663 2333 683 2356 a
708 2323 831 2358 scribis
861 2323 979 2369 Symp.
1005 2334 1038 2367 p.
1066 2324 1131 2358 659
1145 2324 1179 2359 b.
1241 2323 1291 2356 Ex
1323 2324 1446 2357 ceteris
1480 2323 1612 2357 nullum
1638 2324 1719 2358 novi
1744 2335 1801 2357 ex-

306 2381 478 2424 emplum,
507 2382 600 2424 quod
628 2382 766 2416 felicius
793 2392 979 2416 commune
1015 2382 1230 2425 naufragium
1257 2381 1440 2415 eluctatum
1468 2382 1512 2414 ad
1539 2381 1679 2416 ultimos
1705 2382 1802 2416 dein·

308 2450 390 2484 ceps
416 2441 624 2485 Byzantios,
652 2442 817 2485 pristinae
841 2441 993 2484 alioquin
1021 2442 1192 2489 sermonis
1216 2441 1350 2475 virtutis
1376 2440 1595 2485 desultores,
1629 2451 1798 2486 propaga-

307 2503 379 2532 tum
407 2501 450 2533 sit
474 2509 577 2542 quam
605 2497 801 2546 τοῦδαφος.
850 2502 962 2544 Atque
1005 2505 1196 2536 ceterarum
1221 2502 1322 2535 etiam
1356 2513 1424 2535 non
1460 2501 1573 2535 nullae
1598 2506 1680 2536 sunt
1711 2512 1801 2546 quae

306 2559 411 2602 longo
440 2560 616 2594 intervallo
640 2565 825 2604 postquam
852 2561 1112 2604 obsoleverunt,
1133 2562 1167 2595 in
1186 2563 1415 2595 recentiorum
1431 2562 1573 2596 demum
1593 2563 1731 2606 scriptis
1747 2573 1799 2596 re-

306 2622 471 2660 surgunt,
512 2628 659 2661 quorum
692 2630 794 2654 nemo
821 2625 874 2654 est
899 2621 957 2663 qui
986 2621 1098 2663 magis
1134 2620 1353 2654 exsultaverit
1390 2622 1424 2654 in
1450 2622 1618 2656 memoria
1649 2622 1798 2656 cresium

307 2677 515 2711 exoletarum
540 2679 779 2721 instauranda,
814 2690 917 2723 quam
947 2682 1045 2714 Anna
1079 2679 1277 2723 comnena,
1321 2682 1413 2725 apud
1440 2691 1544 2725 quam
1574 2692 1644 2716 non
1667 2685 1798 2716 tantum

306 2731 501 2782 τοῦδαφος,
527 2748 647 2770 verum
665 2740 768 2772 etiam
788 2737 1075 2787 προύτρέποντο,
1093 2737 1316 2785 τούμφανές,
1339 2735 1551 2786 τοῦσχατον,
1566 2736 1679 2785 κάγώ,
1694 2733 1797 2785 κᾷτα,

304 2794 385 2838 κάκ,
405 2794 520 2839 κάκεῖ,
547 2794 672 2842 οὑμός,
699 2795 848 2845 τούμόν,
865 2791 1056 2846 προῦπτον
1077 2802 1141 2832 etc.
1162 2799 1366 2841 aequalibus
1382 2800 1626 2843 prioribusque
1648 2808 1690 2832 ex
1707 2802 1802 2842 parte

306 2858 440 2898 spreta,
477 2865 546 2887 non
579 2856 714 2890 occulte
748 2858 920 2900 gliscunt,
947 2857 1011 2891 scd
1036 2858 1082 2891 ita
1105 2857 1173 2890 fixa
1201 2861 1299 2900 sunt,
1323 2861 1361 2892 ut
1389 2867 1563 2902 perpauca
1593 2857 1803 2900 reperiantur

304 2914 473 2947 contraria
496 2915 664 2957 exempla,
692 2916 784 2950 velut
807 2919 856 2955 εἰς
879 2915 917 2951 τό
942 2916 1107 2962 ἐμφανές
1128 2927 1161 2959 p.
1190 2916 1268 2959 223,
1297 2917 1348 2951 16.
