1962 3314
912 123 1080 167 ...,64
1139 146 1191 153 .-

258 275 261 278 >
302 260 400 295 τας
429 240 504 285 τὸν
527 238 630 297 περὶ
658 236 825 280 τούτων
845 233 989 292 λόγον,
1023 235 1200 278 fortasse
1221 232 1505 285 adsentientes
1523 229 1700 281 habebo,
1725 226 1800 284 qui

278 309 604 369 'perpenderint
643 308 748 351 haec
777 307 932 350 similia
969 305 1080 360 apud
1109 305 1327 348 Platonem
1357 303 1568 347 Charmid.
1599 315 1639 356 p.
1673 302 1751 344 166
1776 313 1800 342 c

304 378 384 424 κᾶν
406 377 594 435 ἐμαυτὸν
615 375 876 434 διερευνῴην
897 372 941 416 τί
961 374 1088 430 λέγω,
1114 372 1239 427 Soph.
1258 386 1298 427 p.
1320 375 1402 416 260
1416 387 1438 415 e
1464 370 1596 428 λόγον
1623 370 1801 426 πρῶτον

305 448 602 509 διερευνητέον
626 443 651 489 ὅ
673 444 718 489 τί
738 443 837 488 ποτ’
861 442 979 488 ἐστίν
1001 447 1045 486 et
1064 444 1303 499 sequiorum
1326 443 1575 497 Procopium
1602 441 1642 486 b.
1666 455 1703 496 g.
1724 437 1803 498 III,

305 527 330 564 4
353 535 393 575 p.
416 523 508 570 294,
532 521 581 560 17
616 510 666 558 οὗ
699 511 1034 572 διερευνώμενοι
1063 516 1139 570 τῆς
1170 512 1291 570 νίκης
1320 512 1395 555 τὸν
1413 511 1592 569 τρόπον,
1622 509 1694 562 IV,
1715 512 1740 553 6
1760 521 1802 562 p·

305 595 405 642 485,
438 594 486 633 17
518 587 650 642 λόγον
681 585 755 628 τὸν
785 583 972 642 φυσικὸν
1000 583 1045 635 ἐς
1073 583 1124 626 τὸ
1154 579 1333 641 ἀκριβὲς
1363 583 1676 641 διερευνᾶσθαι
1695 581 1804 635 βου-

304 659 499 715 λόμενος,
523 655 594 708 IV,
617 658 641 699 8
666 669 704 709 p.
730 659 822 706 490,
852 658 877 698 6
901 651 1242 710 διερευνώμενος
1269 649 1471 710 ἀμήχανα
1501 649 1621 709 ἔργα,
1652 649 1807 706 quibus

304 728 529 772 concinunt
558 725 596 767 S.
628 724 835 780 Chrysost.
868 723 977 767 hom.
1007 722 1073 764 III
1112 722 1166 765 ad
1204 736 1300 776 pop.
1325 721 1518 764 Antioch.
1544 735 1586 775 p.·
1613 723 1718 771 371,
1752 722 1801 761 14

308 797 456 843 πάντα
495 796 813 854 διερευνᾶσθαι
846 792 921 836 καὶ
960 794 1143 835 σκοπεῖν
1173 788 1413 849 ἀναγκαῖον
1448 789 1540 846 μετ’
1574 786 1804 848 ἀκριβείας

308 867 508 925 ἁπάσης,
548 867 670 909 Anna
699 865 839 907 Conm.
869 878 908 918 p.
938 867 1037 914 260,
1073 867 1123 907 10
1157 863 1297 914 δεινὸς
1328 858 1701 921 διερευνήσασθαι
1729 856 1805 915 τὴν

309 933 562 992 δεινοτάτην
593 930 945 993 περιπατητικήν
971 932 1078 976 conl.
1107 946 1147 986 p.
1178 936 1277 984 263,
1310 936 1376 975 21.

423 1007 474 1049 In
501 1004 645 1060 lepida
671 1002 957 1058 Hispanorum
986 1002 1229 1045 divitiarum
1257 1003 1625 1045 subter-raucarum
1650 997 1804 1042 descri-

308 1079 471 1133 ptione,
514 1076 568 1119 ad
608 1090 734 1130 quam
773 1073 957 1116 affirmat
996 1073 1266 1116 Posidonium
1303 1072 1515 1115 Rhodium
1537 1069 1804 1119 adhibuisse,

309 1149 414 1190 haec
445 1146 575 1189 habes
605 1144 671 1187 ΙΙΙ
705 1148 782 1187 147
812 1163 871 1180 =
901 1146 1001 1195 226,
1042 1147 1066 1186 2
1110 1142 1425 1192 Ποσειδώνιος
1459 1142 1506 1184 δὲ
1545 1139 1595 1183 τὸ
1629 1139 1807 1196 πλῆθος

309 1220 395 1260 τῶν
431 1214 659 1270 μετάλλων
697 1212 890 1254 ἐπαινῶν
929 1212 1005 1255 καὶ
1043 1211 1121 1270 την
1162 1207 1320 1270 ἀρετὴν
1361 1207 1442 1261 οὐκ
1479 1206 1692 1264 ἀπέχεται
1730 1209 1808 1264 τῆς

311 1280 531 1339 συνήθους
550 1277 795 1338 ῥητορείας,
827 1276 941 1321 ἀλλὰ
959 1280 1253 1336 commoveas}
1280 1282 1378 1329 ταῖς
1399 1276 1683 1336 ὑπερβολαῖς,
1712 1276 1803 1332 qui-

308 1354 387 1397 bus
425 1350 578 1395 deinde
613 1352 709 1404 post
748 1349 1028 1403 epiphonema
1069 1345 1119 1392 οὗ
1160 1348 1241 1407 γὰρ
1283 1347 1476 1391 πλουσία
1518 1345 1654 1403 μόνον
1695 1342 1809 1389 ἀλλὰ

313 1421 387 1463 καὶ
426 1416 711 1468 ὑπόπλουτος
750 1412 800 1474 ἧν
830 1415 1015 1474 (φησίν)
1049 1413 1074 1474 ἦ
1114 1415 1236 1474 χώρα
1276 1416 1350 1459 καὶ
1389 1412 1495 1474 παρ’
1526 1415 1711 1466 ἐκείνοις
1746 1411 1808 1466 ὥς

314 1488 494 1549 άληθῶς
523 1489 598 1532 τὸν
618 1485 892 1542 ὑποχθόνιον
912 1486 1054 1530 Ιι’όπον
1077 1483 1153 1541 οἰχ
1183 1483 1206 1529 ὁ
1240 1485 1395 1544 Ἅιδης
1425 1483 1520 1529 ἀλλ’
1543 1482 1566 1529 ὃ
1593 1484 1808 1529 Πλούτων

314 1561 511 1603 κατοικεῖ
532 1559 637 1602 haec
667 1557 930 1600 subiciuntur
958 1558 1142 1601 τοιαῦτα
1171 1556 1252 1609 μὲν
1275 1551 1350 1599 οὖν
1372 1555 1417 1599 ἐν
1437 1551 1588 1615 ιῦραίῳ
1620 1553 1809 1613 σχήματι

317 1627 462 1688 εἴρηκε
503 1627 606 1687 περὶ
637 1624 825 1679 τούτων,
865 1623 935 1677 aig
979 1622 1041 1670 ἂν
1082 1626 1138 1669 ὲκ
1165 1625 1456 1682 μετάλλου
1501 1624 1596 1668 καὶ
1636 1623 1808 1675 αὐτὸς

317 1695 506 1751 πολλῷ
534 1693 823 1752 χριόμενος
859 1695 933 1750 τῷ
967 1693 991 1734 λ
1005 1692 1122 1750 όγῳ.
1194 1693 1308 1736 Haec
1336 1697 1548 1747 postrema
1576 1707 1661 1735 non
1688 1707 1808 1747 posse

315 1766 448 1820 accipi
476 1765 528 1807 de
567 1764 732 1819 prolixo
774 1777 981 1814 sermone,
1026 1778 1108 1818 quo
1144 1763 1389 1806 Posidonius
1425 1763 1471 1805 in
1509 1761 1810 1805 adumbrandis

315 1836 598 1889 Hispanorum
627 1834 781 1876 fodinis
815 1848 913 1876 usus
954 1833 1099 1885 fuerit,
1137 1833 1259 1876 facile
1299 1832 1561 1876 adsentimur
1589 1832 1810 1884 Meinekio,

316 1906 361 1948 in
390 1920 439 1948 00
468 1905 595 1948 etiam
631 1903 847 1947 verissime
885 1902 1136 1956 disputanti,
1179 1902 1214 1944 si
1242 1902 1287 1943 in
1316 1902 1426 1944 hanc
1456 1900 1710 1944 sententiam
1737 1915 1807 1943 ex—

317 1977 526 2031 plicentur
545 1975 703 2027 verba,
721 1988 795 2016 cur
817 1987 920 2028 opus
948 1973 1076 2016 fuerit
1103 1972 1202 2015 addi
1227 1973 1333 2014 haec
1363 1968 1422 2022 ὡς
1450 1968 1501 2013 ἂν
1524 1970 1571 2013 ἐκ
1592 1967 1811 2025 μετάλλου

320 2044 394 2088 καὶ
415 2041 545 2095 αὐτὸς
567 2043 720 2099 πολλῷ
747 2039 972 2099 χριόμενος
1001 2043 1064 2098 τῷ
1086 2039 1215 2098 λόγῳ,
1246 2055 1417 2096 prorsus
1446 2041 1491 2082 in
1519 2040 1694 2083 obscuro
1714 2053 1813 2083 esse.

324 2115 441 2158 Nihil
471 2115 583 2157 enim
612 2113 822 2156 mehercle
850 2116 1025 2167 possunt
1054 2112 1290 2168 significare
1319 2112 1454 2163 aliud,
1493 2125 1619 2166 quam
1646 2110 1813 2153 Posido-

321 2185 437 2226 nium
460 2183 635 2225 nimiam
662 2197 780 2225 suam
801 2182 1102 2237 loquacitatem
1135 2182 1358 2236 sumpsisse
1381 2197 1406 2224 a
1427 2181 1692 2232 metalleutis,
1718 2184 1811 2222 tan-

321 2269 448 2310 quam
475 2255 528 2297 ab
559 2254 776 2296 hominum
804 2267 956 2308 genere
987 2252 1180 2306 inprimis
1210 2251 1400 2307 garrulo,
1430 2249 1542 2305 quod
1571 2264 1699 2305 quam
1726 2250 1814 2292 ine-

321 2327 441 2377 ptum
471 2324 525 2365 sit
553 2337 626 2365 suo
652 2322 936 2377 unusquisque
967 2335 1093 2363 sensu
1118 2321 1360 2364 arbitretur.
1419 2319 1564 2374 Neque
1587 2334 1664 2375 ego
1684 2319 1819 2375 magis

324 2410 448 2450 quam
478 2394 711 2438 Meinekius
735 2395 800 2437 vir
829 2392 1098 2444 venerabilis,
1128 2407 1223 2435 cum
1250 2391 1362 2433 dulci
1391 2391 1563 2433 iuventa
1587 2391 1812 2446 aliquanti-

325 2480 422 2519 sper
450 2466 512 2507 rei
542 2465 778 2508 metallicae
805 2478 977 2518 operam
1007 2462 1174 2513 navavi,
1205 2461 1471 2504 metalleutas
1500 2450 1698 2514 expertus
1727 2474 1819 2502 sum

325 2532 513 2574 homines
552 2532 656 2575 adeo
694 2532 909 2587 loquaces,
949 2534 997 2573 ut
1035 2530 1100 2574 vel
1136 2530 1240 2572 alios
1273 2530 1523 2585 quibuscum
1551 2533 1820 2573 versarentur

326 2601 545 2643 verborum
584 2603 787 2656 tanquam
826 2599 995 2642 flumine
1036 2598 1350 2651 inundaverint3
1399 2599 1528 2640 immo
1566 2612 1644 2652 per
1684 2602 1820 2641 totum

326 2669 431 2711 illud
471 2669 815 2712 iucundissimum
857 2672 1023 2723 tempus
1067 2670 1134 2722 (ex
1178 2682 1260 2723 quo
1303 2672 1472 2722 praeter
1515 2668 1819 2710 sanctissimam

328 2742 646 2795 praeceptorum
688 2740 998 2794 amicorumque
1039 2739 1283 2781 memoriam
1322 2752 1398 2792 per
1426 2741 1489 2780 tot
1518 2752 1658 2781 rerum
1686 2738 1818 2781 varie-

329 2812 437 2851 tates
464 2808 571 2849 nihil
599 2808 686 2851 sere
713 2808 818 2850 mihi
846 2808 1050 2851 relicuum
1079 2811 1142 2850 est
1170 2807 1295 2849 hodie
1326 2822 1453 2863 quam
1481 2806 1685 2850 famosum
1706 2804 1821 2848 istud

331 2878 666 2930 succinctorium,
709 2893 790 2933 quo
830 2877 1018 2922 noscitur
1058 2877 1191 2920 fossor
1230 2876 1302 2931 qui
1342 2890 1426 2919 non
1469 2875 1733 2932 cognoscitur
1771 2887 1823 2917 ex
