1962 3314
887 124 1198 167 -108—

296 235 446 291 quibus
485 236 567 279 rite
598 235 836 290 conputatis
865 235 1157 292 gravissimum
1186 235 1251 279 vel
1281 235 1562 279 damnationis
1590 234 1657 278 vel
1685 234 1791 278 libe-

295 303 472 346 rationis
515 302 635 346 fierct
674 302 893 355 indicium,
935 306 1225 357 conponantur
1265 317 1358 346 cum
1398 303 1493 346 aliis
1524 305 1707 358 symbolis
1733 302 1789 346 ad

297 369 478 412 aliarum
512 383 653 412 rerum
683 367 885 410 indicium
913 368 1131 410 hominum
1165 371 1255 411 arte
1292 381 1500 423 manuque
1539 367 1792 422 conparatis,

298 437 373 480 Cui
401 441 449 480 ut
477 438 611 481 omnis
642 437 810 480 omnino
846 437 1022 480 tollatur
1058 437 1276 492 scrupulus
1310 437 1438 480 etiam
1474 438 1554 481 hoc
1595 438 1791 494 subiungi

296 510 451 561 potest,
488 521 573 549 non
603 506 731 549 semel
763 506 1035 558 calculorum,
1076 521 1098 549 e
1138 506 1289 563 quibus
1318 505 1555 550 futurorum
1582 507 1790 550 malorum

295 577 548 619 bonorumve
589 575 811 631 praesagia
860 578 1142 627 sumerentur,
1196 575 1242 618 in
1287 579 1477 619 veterum
1521 591 1566 620 re
1607 577 1791 621 vaticina

297 645 551 690 mentionem
588 645 691 688 fieri.
761 645 824 687 De
862 659 944 700 quo
984 644 1202 687 divinandi
1233 659 1394 701 ,genere
1433 650 1604 700 praeter
1644 646 1791 690 Iambl.

296 714 346 757 de
376 717 496 769 myst.
527 713 610 765 III,
645 717 717 756 17:
759 710 798 756 εἰ
828 711 876 755 δὲ
918 706 1016 768 ἶίχρι
1053 712 1137 754 τῶν
1177 705 1360 770 ἀψύχων
1391 705 1465 754 οἶα
1505 708 1792 771 ψηφιδίωνῆ

296 780 439 825 λίθων
470 777 497 839 ἢ
527 779 704 841 ῥάβδων
733 775 760 838 ἢ
790 777 930 831 ξύλων
959 779 1086 821 τινῶν
1117 773 1143 835 ἢ
1174 780 1324 837 πυρῶν
1356 773 1383 835 ἢ,
1420 773 1621 836 ἆλφίτων
1650 776 1794 837 διήκει

293 851 343 894 τὸ
375 854 501 895 θεῖον
537 852 593 908 τῇ
633 847 936 909 προδηλώσει,
981 843 1089 891 αὐτὸ
1129 849 1260 891 τοῦτο
1301 847 1374 891 καὶ
1414 846 1792 904 θαυμασιώτατόν

294 922 388 966 ἐστι
436 923 513 979 τῆς
554 918 687 971 θείας
737 919 949 977 μαντικῆς
995 916 1309 977 προσημασίας
1350 922 1394 963 et
1441 919 1606 963 Annam
1648 914 1795 964 Comm

294 994 372 1046 VI,
404 999 429 1038 7
451 1009 490 1049 p.
523 997 623 1045 292,
655 997 680 1036 4
710 1006 799 1047 sqq.
821 990 912 1034 ’καὶ
943 986 966 1034 ὁ
997 987 1252 1047 Αἰγύπτιος
1282 990 1445 1043 ἐκεῖνος
1477 987 1791 1048 Ἀλεξανδρεὺς

297 1063 436 1115 πολὺς
465 1058 517 1121 ἦν
535 1062 591 1106 τὰ
618 1063 692 1120 τῆς
723 1058 1017 1119 ἀστρολογίας
1047 1058 1277 1119 ἐμφαίνων
1304 1055 1451 1120 ὄργια·
1482 1053 1532 1112 ὃς
1561 1060 1635 1105 καὶ
1666 1059 1790 1118 παρὰ
1852 1083 1862 1095 ·

296 1132 470 1175 πολλῶν
505 1129 786 1188 ἐρωτώμενος
819 1125 1115 1187 ἀκριβέστατα
1157 1128 1531 1188 προεμαντεύετο·
1574 1129 1620 1174 ἐν
1657 1127 1792 1182 ἐνίοις

294 1202 342 1245 δὲ
373 1197 476 1244 οὐδὲ
506 1197 786 1257 ἇστρολάβου
817 1196 1044 1254 δεόμενος,
1093 1196 1206 1242 ἀλλὰ
1237 1198 1311 1242 διά
1350 1216 1468 1252 τινος
1511 1209 1790 1258 ψηφηφο-

294 1270 426 1330 ρίας
473 1270 552 1322 τὰς
606 1266 876 1329 προρρήσεις
922 1268 1188 1328 ἐπεποίητο,
1235 1271 1429 1325 inprimis
1471 1270 1676 1315 videndus
1724 1274 1789 1315 cst

292 1339 461 1384 Lobcck
489 1339 535 1381 in
559 1337 763 1394 Aglaoph.
791 1351 830 1392 p.
854 1339 945 1381 >814
975 1351 1036 1392 sq.

583 1479 718 1525 Ἀλλὰ
752 1483 887 1525 ταῦτα
917 1482 997 1536 μὲν
1027 1473 1114 1525 εἶδέ
1145 1498 1206 1538 πη
1236 1481 1492 1539 γεγράφθω.

290 1602 450 1657 Scripsi
480 1601 658 1644 Misniac
688 1599 899 1643 Saxonum
929 1599 1013 1642 VII
1043 1600 1127 1643 Cal.
1158 1599 1271 1655 Sept.
1301 1613 1561 1646 MDoccnmv.
