1962 3314
874 147 1251 188 --11()--4

278 253 315 287 P.
342 254 384 288 36
408 265 440 288 v.
471 254 522 287 12.
572 253 674 296 Apud
697 253 885 289 Libanium—
914 254 1122 298 plerumque
1153 255 1287 294 obtinet
1311 258 1392 290 ταῖν
1418 260 1548 303 χεροῖν
1573 256 1651 291 sim.
1674 255 1781 291 veluti

415 324 447 356 p.
477 314 532 355 87,
560 314 579 346 8
605 323 639 356 p.
666 313 751 355 244,
779 314 839 355 22,
875 324 963 357 quae
989 325 1071 348 num
1098 326 1117 347 e
1146 315 1329 350 codicibus
1355 315 1502 359 posthac
1531 317 1671 350 excusis
1703 326 1779 350 cor-

413 379 504 403 recta
529 371 596 403 sint
628 370 774 413 ignoro,
809 381 888 404 cum
920 371 1007 405 haec
1032 372 1229 406 teslimonia
1259 383 1300 405 cx
1326 373 1437 416 priore
1463 373 1583 407 Reiski
1610 374 1776 416 editione,

415 437 502 470 quae
528 428 637 462 tribus
664 428 902 463 voluminibus
929 430 1076 472 prodiit,
1104 429 1173 463 huc
1200 431 1382 464 transferre
1408 436 1550 475 coactus
1576 434 1653 467 sim.

279 528 315 562 P.
334 529 377 560 39
397 539 430 562 v.
450 529 470 561 4
487 529 530 563 ab
551 530 633 564 imo.
653 531 688 563 ln
706 530 787 564 loco
798 530 1051 576 Theophylacti
1077 530 1157 565 hist.
1176 530 1219 573 V,
1242 532 1281 565 10
1299 534 1418 566 nescio
1434 543 1477 567 an
1493 534 1717 569 scribendum
1737 535 1780 568 sit

412 583 493 625 τούς
518 588 653 626 ἱππέας
677 589 765 622 τῶν
789 585 1034 633 ὀχημάτων
1060 587 1255 633 ἀπέβαλεν.
1298 586 1443 636 ’Όχημα
1471 593 1562 626 enim
1590 594 1681 636 apud
1707 592 1776 638 By-

411 648 543 680 zantios
574 659 642 680 non
675 648 722 681 ita
748 658 822 681 raro
855 649 994 691 ponitur
1025 659 1085 691 pro
1120 650 1251 691 ἵππος,
1286 654 1322 683 ut
1348 651 1381 683 in
1411 651 1573 685 inferiore
1602 651 1778 685 [munitate

414 705 589 737 vehiculum
614 706 741 738 eodem
768 706 964 749 significatu
983 711 1166 750 usurpatur
1192 711 1295 750 atque
1321 721 1432 751 equus.
1483 708 1549 745 cfr.
1568 711 1643 745 Leo
1667 721 1779 754 gram-

411 767 490 797 mat.
517 765 550 796 in
579 763 739 807 Theoph.
763 775 797 808 p.
825 765 887 798 451
921 766 979 798 καὶ
1015 768 1088 803 τοῖς
1120 766 1310 809 δημοσίοις
1349 764 1592 814 ὀχήμασιν
1639 766 1777 813 ἐπιβάς,

409 820 576 866 ἀπῆλθεν
610 819 734 868 (puysie
765 825 873 868 μέχρι
911 825 982 857 τῶν
1006 824 1243 867 Κλεισουριῦν
1275 826 1431 873 Συρίας,
1467 823 1530 864 τὰς
1553 827 1626 860 τῶν
1651 827 1778 861 ἵππων

415 874 542 922 ἰγνύας
567 874 767 911 ἐκκόπτων.

275 978 311 1012 Ρ.
341 979 395 1012 40.
447 978 546 1021 Apud
578 978 756 1012 Libanium
789 980 924 1023 φοιτᾶν
949 979 1075 1013 similia
1107 981 1311 1023 plerumque
1344 983 1532 1025 iunguntur
1565 993 1645 1018 cum
1674 981 1775 1031 παρά

411 1037 515 1071 veluti
539 1037 552 1070 1
577 1048 610 1081 p.
637 1038 700 1080 74,
729 1038 770 1071 10
795 1039 887 1072 conl.
912 1049 945 1082 p.
972 1039 1058 1083 326,
1091 1040 1131 1073 15
1157 1044 1190 1074 et
1214 1040 1371 1074 similiter
1393 1052 1426 1085 p.
1453 1043 1516 1085 93,
1544 1043 1564 1076 9
1592 1043 1776 1090 ἀφεκτέον

412 1095 489 1129 ἔστί
510 1109 574 1142 μοι
603 1098 675 1130 τῶν
699 1094 800 1144 παρὰ
829 1095 894 1141 τὴν
917 1101 1075 1143 γυναῖκα
1104 1099 1244 1143 ἐκείνην
1273 1097 1370 1134 ὁὸιῦν
1399 1104 1464 1135 etc.

277 1197 312 1231 Ρ.
336 1198 378 1230 42
405 1209 436 1231 ν.
463 1198 493 1232 7.
536 1192 706 1246 Τοῦργον
731 1200 866 1234 scribae
894 1201 998 1234 etiam
1023 1206 1202 1236 servarunt
1227 1204 1319 1246 apud
1341 1204 1523 1239 Libanium
1546 1205 1552 1236 Ι
1578 1215 1612 1247 p.
1637 1205 1693 1247 85,
1715 1207 1773 1248 18;
1800 1221 1803 1224 >

410 1259 491 1291 item
517 1258 589 1291 fere
615 1260 744 1302 ubique
769 1260 862 1302 apud
890 1270 970 1293 eum
998 1261 1164 1295 coalescit
1189 1259 1227 1296 τὸ
1256 1262 1405 1308 ἔδαφος.

275 1360 312 1394 l'.
337 1361 393 1394 48.
442 1360 597 1394 Verbum
622 1361 762 1393 στένειν
790 1360 824 1392 in
858 1360 1138 1402 frequentissimo
1171 1372 1236 1394 usu
1261 1362 1364 1395 etiam
1390 1362 1483 1405 apud
1510 1362 1693 1398 Libanium
1720 1369 1774 1398 est

410 1430 441 1453 e,
462 1419 521 1461 g.1
541 1428 573 1461 p.
599 1418 656 1460 49,
684 1419 702 1450 7
721 1429 753 1461 p.
777 1418 853 1460 192,
881 1419 920 1451 17
941 1429 975 1462 p.
994 1419 1079 1462 243,
1107 1421 1126 1452 5
1148 1421 1205 1455 ubi
1232 1417 1386 1465 mill-mm
1411 1424 1560 1464 στένων,
1585 1433 1617 1466 p.
1639 1424 1725 1467 252,
1754 1426 1774 1457 3

408 1481 491 1519 etc.;
526 1478 619 1511 idem
655 1479 827 1511 succurrit
861 1479 953 1521 apud
980 1479 1175 1522 Appianum
1210 1481 1316 1515 veluti
1341 1482 1386 1514 de
1412 1482 1446 1516 b.
1473 1483 1538 1517 civ.
1569 1482 1616 1525 ΙΙ,
1645 1484 1687 1516 75
1713 1485 1771 1517 καὶ

405 1537 549 1570 ἔστενεν
586 1535 667 1570 καθ’
695 1534 824 1579 αὐτόν,
864 1542 900 1571 ut
936 1539 1009 1572 iure
1053 1539 1182 1572 mireris
1228 1550 1379 1582 unquam
1424 1540 1570 1576 dubitari
1614 1543 1772 1585 potuisse

412 1594 457 1626 de
482 1604 548 1626 usu
577 1593 680 1626 huius
706 1594 802 1628 verbi
836 1594 870 1627 iu
896 1594 1015 1637 lingua
1040 1597 1172 1639 volgari
1200 1607 1241 1630 ex
1266 1599 1420 1631 omnium
1450 1599 1675 1633 dialectorum
1702 1599 1773 1633 col—

407 1652 499 1686 luvie
518 1656 605 1686 nata.
643 1651 749 1686 Multo
766 1653 980 1695 frequentius
999 1664 1082 1687 sane
1107 1657 1254 1689 occurrit
1271 1656 1363 1699 apud
1382 1656 1582 1702 Byzantios,
1604 1668 1623 1690 e
1646 1659 1774 1700 quibus

409 1711 516 1745 hodie
539 1711 734 1745 addiderim
753 1711 895 1755 Niceph.
918 1714 1126 1758 Bryennium
1153 1720 1337 1751 comment.
1364 1716 1403 1759 11,
1422 1718 1440 1750 7
1460 1727 1492 1760 p.
1508 1717 1564 1760 63,
1588 1718 1606 1751 7
1627 1715 1774 1752 ἕστενόν

412 1783 446 1805 τε
466 1772 526 1804 καὶ
547 1767 729 1817 ἐδάκρυον
746 1770 836 1804 conl.
855 1782 888 1814 p.
900 1772 957 1813 64,
977 1773 1009 1813 7,
1029 1782 1118 1805 vana
1133 1778 1307 1816 praeterea
1327 1785 1606 1821 synonymorum*
1619 1776 1773 1809 cumula-

409 1830 516 1872 tione,
544 1830 600 1863 cui
615 1830 672 1863 alii
689 1829 793 1863 huius
811 1834 927 1863 sectae
944 1832 1142 1874 scriptores,
1160 1831 1265 1867 veluti
1279 1832 1563 1879 Theophylactus
1586 1839 1620 1868 et
1634 1834 1772 1868 Nicetas

409 1890 607 1933 Chomates,
635 1891 678 1924 ad
695 1892 865 1925 insaniam
883 1902 994 1935 usque
1012 1893 1205 1936 indulgent,
1235 1892 1357 1937 ἠνιᾶτο
1381 1895 1453 1940 μὲν
1469 1897 1530 1929 καὶ
1554 1893 1688 1942 ἠθύμει
1711 1899 1768 1930 καὶ

410 1951 527 1985 ἔστεν(ι
551 1952 610 1984 καὶ
633 1947 810 1995 ἐδάκρυεν
828 1950 902 1995 (cfr.
922 1952 1068 1996 Procop.
1088 1952 1120 1987 h.
1135 1963 1164 1988 a.
1184 1964 1216 1997 p.
1232 1954 1289 1996 95,
1310 1955 1350 1988 13
1371 1953 1551 1998 ἀντιβολῶ
1567 1959 1691 1990 τοίνυν
1710 1959 1769 1991 καὶ

412 2007 558 2044 ἱκετεύω
587 2011 647 2043 καὶ
672 2010 823 2055 δέομαι,
851 2020 940 2053 quae
965 2012 997 2044 in
1028 2011 1223 2054 glossarum
1250 2012 1512 2046 similitudinem
1539 2014 1738 2058 incurrunt).

275 2126 311 2160 P.
340 2126 394 2159 49.
446 2122 571 2159 Φόνου
597 2125 737 2159 πολλοῦ
761 2127 966 2171 γενομένου
991 2126 1177 2168 conposuit
1200 2127 1304 2159 etiam
1326 2127 1469 2170 Appian.
1490 2127 1523 2161 d.
1541 2127 1576 2162 b.
1596 2137 1626 2162 c.
1642 2126 1683 2170 ΙΙ,
1706 2128 1770 2161 105

409 2183 560 2224 itemque
586 2179 700 2220 πολὺς
726 2182 888 2227 ἐγίγνετο
917 2178 1033 2227 φόνος
1065 2183 1148 2217 ibid.
1174 2193 1204 2218 c.
1231 2183 1285 2218 22.
1345 2185 1393 2217 Ac
1421 2184 1608 2227 legitimam
1637 2195 1765 2219 conse-

410 2238 585 2271 cutionem
610 2239 746 2272 retinuit
779 2240 881 2273 etiam
910 2240 1026 2274 Liban.
1061 2241 1150 2275 decl.
1188 2243 1196 2273 1
1223 2252 1256 2284 p.
1286 2242 1369 2285 138,
1403 2243 1422 2275 5
1452 2239 1557 2288 φόνῳ
1586 2256 1621 2278 τε
1647 2246 1769 2290 πολλῷ

411 2294 468 2326 καὶ
496 2295 642 2338 annam
667 2305 738 2328 uno
755 2299 921 2337 quantum
951 2296 1025 2329 scio
1045 2295 1123 2329 1000
1141 2296 1224 2330 dixit
1248 2300 1449 2342 γενομένης
1471 2299 1511 2333 δὲ
1533 2297 1770 2346 τῆςμιγιὶλης

410 2348 529 2398 μάχης
554 2353 619 2386 καὶ
643 2354 707 2387 τοῦ
730 2354 870 2387 πολλοῦ
894 2350 1014 2399 ([όνου
1039 2364 1071 2397 p.
1104 2355 1180 2397 117,
1208 2355 1239 2388 8.

278 2459 314 2495 Ρ.
342 2462 395 2496 55.
446 2462 494 2495 De
520 2464 626 2498 verbo
653 2462 842 2513 ἐκβάλλειν
865 2475 1055 2509 provocare
1081 2466 1254 2501 debebam
1279 2468 1321 2500 ad
1350 2469 1391 2502 A.
1409 2468 1627 2515 Koechlyum
1651 2481 1766 2504 meum

411 2518 556 2554 Emend.
590 2521 623 2553 in
650 2519 766 2564 Eurip.
796 2520 904 2565 lphig.
931 2522 1031 2557 Taur.
1056 2533 1088 2566 p.
1119 2525 1141 2554 Η
1169 2533 1202 2566 p.
1234 2524 1273 2557 16
1304 2529 1338 2557 et
1365 2527 1422 2568 qui
1453 2526 1496 2560 ab
1521 2525 1589 2560 hoc
1613 2527 1772 2562 laudatur

413 2576 628 2611 Schoenium
650 2579 696 2612 ad
721 2579 858 2615 Hercul.
884 2580 947 2615 fur.
973 2592 1004 2615 v.
1032 2580 1110 2614 933.

278 2678 315 2713 P.
344 2679 385 2711 58
407 2690 442 2713 v.
471 2681 511 2714 16
535 2681 576 2715 ab
603 2682 674 2714 imo
699 2682 790 2715 adde
814 2681 970 2717 Eustath.
996 2683 1031 2715 in
1056 2687 1139 2717 orat.
1160 2693 1251 2716 anno
1275 2684 1408 2728 auspic,
1432 2684 1549 2719 habita
1575 2696 1607 2729 p.
1640 2687 1721 2729 154,
1749 2687 1762 2720 1

414 2737 536 2780 (Tasel)
568 2734 706 2785 ὄμβρος
727 2736 749 2782 ἢ
774 2736 869 2785 γάλα
895 2737 1070 2787 οὐράνιον
1097 2738 1115 2784 ἢ
1138 2737 1263 2785 μιῖννα
1290 2739 1472 2789 δεύτερον.

278 2834 316 2870 Ρ.
342 2836 397 2870 62.
430 2835 496 2870 Csr.
516 2836 559 2872 M.
579 2837 794 2882 Willkomm,
826 2840 883 2873 die
898 2839 1078 2875 Halbinsel
1103 2840 1165 2873 der
1184 2841 1364 2886 Pyrenfien
1383 2844 1499 2888 Leipz.
1520 2846 1607 2879 1855
1630 2857 1664 2890 p.
1682 2846 1768 2882 270:

414 2898 456 2930 In
472 2896 727 2942 Nordportuyal
749 2901 826 2933 sind
842 2900 897 2933 die
912 2899 1154 2944 Berqabltiinqe
1181 2901 1222 2943 (z.
1241 2901 1285 2937 B.
1308 2904 1363 2936 die
1379 2904 1440 2937 der
1457 2903 1565 2938 Serra
1588 2906 1630 2938 de
1647 2904 1764 2950 Ger-ez)
