1962 3314
918 138 1200 178 -32-

316 251 428 291 mate
458 243 604 304 γνώμη
617 280 628 298 ,
669 245 781 300 quod
819 245 1067 300 plerumque
1109 245 1373 288 scribebatur
1416 244 1553 298 [551⁴ss
1594 245 1812 300 scriptoris

315 317 453 361 verbis
468 342 524 347 —
537 331 635 359 nam
657 329 832 371 magnus
858 319 950 358 erat
972 314 1212 369 explicandi
1231 314 1548 371 doctrinamque
1571 315 1811 359 ostentandi

313 386 500 441 pruritus
531 411 579 416 —-
613 383 819 426 adiecturi
847 388 967 427 erant
978 384 1031 441 ²⁸).
1089 383 1360 427 Manifestum
1390 384 1593 428 eiusmodi
1621 385 1805 439 interpo-

314 456 482 498 lationis
523 453 726 496 indicium
767 457 884 497 extat
923 452 1037 507 apud
1078 452 1290 508 Aristoph.
1332 454 1377 496 in
1412 454 1553 505 Pluto,
1594 454 1668 497 ubi
1702 469 1809 510 quae

315 530 409 580 post
437 540 471 567 v.
506 527 586 568 805
617 525 662 566 in
691 524 903 566 codicibus
945 523 1141 578 leguntur
1181 523 1332 566 verba:
1378 521 1492 565 οὕτω
1522 523 1573 565 τὸ
1603 523 1810 566 πλουτεῖν

316 596 432 639 ἔστιν
464 591 544 652 ἡδὺ
576 591 759 651 πρᾶγμά
792 610 831 635 τι
875 594 919 634 in
948 593 1058 636 libro
1087 592 1331 648 Augustano
1369 593 1460 647 ipso
1490 593 1686 636 lemmate
1713 583 1808 650 m

314 664 500 720 praefixo
529 678 555 706 a
590 663 765 706 librario
794 664 838 704 in
875 666 1017 705 textus
1048 662 1200 704 seriem
1228 661 1363 704 inlata
1398 666 1496 704 sunt
1523 662 1614 718 (cfr.
1641 661 1811 704 Brunck

316 739 399 779 not.
427 735 482 778 ad
511 734 723 788 Aristoph.
753 734 774 775 I
812 748 849 787 p.
881 736 962 776 267
995 732 1072 789 sq.)
1140 732 1344 775 Similiter
1383 734 1522 777 scriba
1560 733 1650 776 cod.
1679 733 1811 778 Palat.

316 810 397 851 283
425 808 470 849 in
494 806 582 849 vita
611 805 754 848 Artax.
778 819 810 847 c.
833 807 885 847 25
916 803 971 846 ad
1000 803 1129 846 verba
1158 799 1183 860 ἡ
1215 802 1297 862 γὰρ
1331 802 1476 847 δειλία
1507 802 1811 862 φονικώτατόν

318 874 435 917 ἐστιν
466 873 510 917 ἐν
537 876 635 924 ταῖς
664 869 926 931 τυραννίσιν,
957 869 1088 914 ἵλεων
1108 869 1157 913 δὲ
1184 871 1259 914 καὶ
1285 873 1430 930 πρᾷον
1449 872 1524 915 καὶ
1553 868 1813 916 ἀνύποπτον

315 942 340 1002 ἡ
372 942 682 1003 θαρραλεότης
713 943 1003 1004 calamitosum
1028 942 1135 984 illud
1162 940 1311 999 γνώμη
1343 942 1601 998 adscriptum
1625 943 1813 998 praebet.

317 1016 405 1076 Nec
433 1016 584 1058 desunt
612 1014 804 1068 exempla
832 1012 972 1055 affinis
999 1013 1175 1068 generis.
1245 1013 1314 1055 Ita
1343 1013 1456 1067 apud
1484 1013 1588 1056 Plat.
1618 1014 1720 1068 Rep.
1750 1013 1812 1056 VI

316 1103 354 1143 p.
391 1093 472 1132 504
502 1103 524 1130 e
567 1087 817 1130 admirantis
861 1086 1022 1129 scribae
1065 1087 1193 1129 verba
1237 1081 1362 1137 ἄξιον
1407 1085 1457 1128 τὸ
1505 1083 1726 1143 διανόημα
1766 1086 1812 1128 in

316 1164 477 1202 textum
515 1159 794 1212 irrepserunt,
835 1157 927 1200 Asti
957 1159 1169 1209 acumine,
1211 1158 1290 1201 hoc
1330 1158 1498 1201 nomine
1536 1157 1813 1201 Stallbaumio

316 1231 438 1285 longe
468 1228 806 1283 praestantioris,
835 1227 927 1270 loco
957 1227 1125 1270 demum
1152 1230 1270 1270 mota
1305 1226 1454 1281 (Cobet
1477 1227 1676 1270 Mnemos.
1707 1223 1812 1270 1862

317 1317 355 1356 p.
390 1305 466 1345 165
499 1303 575 1355 sq.)
635 1299 878 1354 Eademque
905 1299 1288 1342 additamentorum
1320 1298 1416 1342 labe
1443 1298 1624 1341 infectus
1649 1297 1815 1340 videtur

316 1373 431 1415 locus
458 1372 503 1413 in
530 1370 641 1413 libro
658 1369 701 1412 II
719 1369 904 1412 Maccab.
934 1373 1000 1421 12,
1029 1373 1093 1420 45,
1123 1369 1197 1412 ubi
1222 1368 1277 1411 ad
1304 1367 1433 1411 verba
1463 1366 1697 1421 ἐμβλέπων
1720 1370 1814 1417 τοῖς

412 1506 445 1548 *)
477 1509 511 1540 ln
546 1508 819 1550 proverbialibus
845 1507 1082 1541 locutionibus
1105 1508 1250 1550 perinde
1283 1512 1386 1550 atque
1419 1509 1452 1540 in
1482 1508 1534 1540 eis
1559 1515 1648 1549 quae
1671 1506 1714 1539 ab
1740 1505 1816 1540 aliis

319 1564 544 1606 scriptoribus
562 1563 746 1606 adsumpta
771 1573 855 1596 suae
881 1564 1027 1596 orationi
1044 1563 1188 1596 inscruit
1207 1563 1429 1605 Plutarchus,
1451 1562 1578 1596 nullam
1595 1572 1677 1596 esse
1701 1561 1816 1596 hiatus

318 1625 436 1667 rugam
462 1628 541 1666 post
571 1623 738 1656 sintenim
768 1619 812 1656 dc
839 1623 934 1656 hiatu
962 1634 995 1666 p.
1022 1623 1106 1666 338,
1137 1624 1236 1657 novis
1265 1624 1395 1666 aliquot
1423 1623 1632 1657 testimoniis
1656 1623 1816 1656 evincere

320 1688 463 1717 conatus
510 1693 587 1715 surn
627 1683 659 1715 in
695 1682 833 1723 Quaest.
869 1682 954 1716 Ptut.
990 1681 1016 1714 ΙΙ
1049 1693 1083 1725 p.
1119 1683 1178 1724 12,
1214 1683 1341 1725 quibus
1375 1681 1482 1715 hodie
1519 1681 1733 1714 addiderim:
1769 1678 1817 1719 ὡς

320 1740 420 1786 τίπῳ
446 1744 580 1784 εἰπεῖν,
607 1740 711 1774 veluti
736 1741 819 1775 Mor.
848 1752 879 1784 p.
905 1741 1000 1774 4430
1032 1745 1066 1774 et
1089 1741 1242 1783 passim,
1269 1744 1302 1773 et
1334 1738 1372 1774 τὸ
1403 1736 1570 1785 κρόμυον
1594 1739 1695 1783 ποτῷ
1718 1734 1817 1780 ὄψον

319 1814 360 1836 ex
383 1802 483 1835 Hom.
508 1803 547 1835 A
571 1801 656 1843 630,
685 1804 722 1834 ut
749 1799 869 1845 Symp.
901 1799 982 1842 Vll,
1009 1801 1040 1842 7,
1072 1800 1087 1833 1
1113 1810 1147 1843 p.
1174 1801 1238 1833 710
1258 1809 1276 1833 c
1310 1798 1399 1833 conl.
1433 1797 1553 1843 Symp.
1587 1797 1644 1840 tv,
1669 1798 1711 1840 4,
1738 1799 1758 1831 3
1783 1807 1816 1841 p.

320 1863 436 1903 6691),
474 1862 531 1895 ubi
568 1866 685 1894 contra
714 1860 879 1895 librorum
920 1870 1132 1894 consensum
1169 1859 1282 1893 editur
1314 1860 1440 1893 ποτοῦ.
1503 1857 1539 1890 ln
1573 1857 1650 1891 aliis
1689 1867 1819 1900 anceps

318 1920 437 1953 haeret
462 1919 647 1958 iudicium3
676 1918 740 1959 ita,
758 1927 800 1950 ne
828 1916 915 1950 ultra
940 1926 1043 1958 quam
1069 1919 1202 1958 oportet
1228 1924 1418 1956 excurram,
1446 1914 1478 1946 in
1500 1913 1682 1947 notissima
1699 1911 1819 1945 Archi-

322 1980 413 2012 dami
443 1989 531 2012 vocc
564 1975 582 2012 ὁ
619 1974 779 2022 πόλεμος
815 1975 856 2010 οὐ
890 1978 1093 2021 τεταγμένα
1126 1978 1294 2016 σιτεῖται,
1333 1974 1433 2008 cuius
1472 1976 1684 2006 mentionem
1715 1972 1819 2007 habet

322 2038 525 2072 Plutarchus
551 2036 663 2071 Crass.
691 2038 722 2069 2.
762 2035 893 2070 Cleom.
921 2036 975 2070 27.
1007 2035 1092 2070 Mor.
1120 2047 1154 2078 p.
1185 2035 1287 2068 190a.
1322 2044 1354 2077 p.
1385 2033 1451 2067 219
1466 2044 1497 2075 a,
1531 2033 1653 2065 eadem
1681 2042 1842 2076 semper.

321 2103 439 2142 regnat
470 2098 644 2140 positura;
687 2097 721 2129 in
751 2100 930 2139 postremo
965 2094 1045 2128 loco
1081 2095 1185 2128 foede
1218 2097 1415 2137 corruptum
1447 2093 1574 2135 legitur
1604 2089 1622 2126 ὁ
1659 2088 1820 2138 πόλεμος

322 2155 364 2190 οὐ
389 2157 592 2200 τεταγμένα
618 2155 754 2197 ζητεῖ,
782 2153 881 2186 cuius
905 2152 985 2186 loeo
1009 2152 1211 2195 ponendum
1230 2162 1311 2185 esse
1335 2154 1531 2185 σιτεῖται
1560 2154 1653 2184 extra
1677 2159 1816 2184 omnem

321 2221 373 2250 est
409 2214 699 2251 controversiam;
737 2223 778 2245 cx
814 2212 998 2246 neotericis
1028 2211 1186 2245 ultimum
1221 2210 1304 2244 mihi
1337 2210 1485 2244 occurrit
1517 2210 1607 2253 apud
1641 2208 1816 2244 Theodor.

322 2273 542 2307 Metochitam
567 2283 600 2316 p.
627 2273 704 2307 541.
752 2271 830 2305 Uno
855 2271 935 2304 loco
962 2272 994 2304 in
1022 2272 1092 2304 vita
1117 2269 1365 2304 Demosthenis
1392 2279 1423 2304 c.
1455 2270 1508 2310 17,
1536 2276 1745 2310 quamquam
1770 2267 1816 2302 ibi

322 2332 450 2366 dictum
474 2332 677 2366 adtribuitur
694 2330 844 2376 Crobylo
870 2331 1067 2373 demagogo
1094 2332 1114 2364 i.
1131 2340 1162 2364 e.
1188 2329 1387 2371 Hegesippo
1414 2328 1550 2369 oratori,
1575 2331 1613 2360 ut
1636 2327 1820 2360 evitaretur

321 2387 492 2420 vocalium
529 2397 742 2428 concursus,
772 2386 900 2419 variato
941 2385 1116 2428 paulisper
1147 2384 1270 2418 ordine
1304 2387 1337 2416 et
1373 2383 1505 2416 omisso
1544 2382 1626 2415 inde
1659 2381 1817 2423 articulo,

322 2446 451 2478 incedit
469 2445 535 2478 hoc
555 2445 680 2479 modo:
710 2442 757 2483 ὠς
773 2443 815 2478 οὗ
841 2446 1043 2489 τεταγμένα
1070 2446 1216 2477 σιτεῖται
1244 2438 1421 2487 πόλεμοςμ
1448 2442 1653 2484 ἐπηρμένης
1676 2439 1715 2474 δὲ
1734 2441 1819 2475 κτλ..

324 2510 472 2542 quocum
508 2511 669 2543 conpono
696 2500 862 2534 Themist.
896 2511 944 2533 or.
973 2511 1006 2543 p.
1041 2500 1136 2534 113b
1173 2500 1301 2546 ἐγείρει
1337 2495 1505 2544 πόλεμον
1538 2498 1727 2544 ἀκραιφνῆ
1756 2502 1814 2534 καὶ

323 2552 538 2599 σιτούμενον
572 2555 639 2600 οὐχ
671 2554 872 2602 ὠρισιιιένα.
933 2555 1087 2598 Itemque
1119 2556 1152 2588 in
1187 2556 1255 2589 vita
1290 2554 1360 2594 Cat,
1394 2557 1474 2597 maj.
1508 2565 1537 2590 c.
1573 2557 1592 2590 8
1630 2556 1664 2589 in
1699 2556 1815 2591 verbis

323 2612 480 2655 Catonis,
507 2615 691 2648 multorum
717 2616 906 2648 imitatione
933 2614 1172 2656 frequentatis:
1193 2612 1360 2658 χαλεπὸν
1377 2616 1448 2660 μέν
1474 2615 1582 2658 ἔστιν,
1609 2607 1638 2647 ὦ
1661 2615 1818 2657 πολῖται,

322 2671 413 2718 πρὸς
436 2676 593 2719 γαστέρα
616 2676 747 2719 λέγειν,
774 2667 846 2708 ὦτα
872 2672 938 2707 οὐκ
964 2673 1121 2718 ἔχουσαν
1150 2683 1190 2705 ex
1220 2671 1366 2705 aliorum
1389 2671 1547 2705 locorum
1574 2672 1818 2715 conparatione

322 2732 427 2765 tutius
453 2732 588 2765 videtur
612 2733 714 2767 scribi
742 2726 814 2767 ὦτα
839 2730 891 2778 μὴ
916 2732 1074 2777 ἔχουσαν
1099 2731 1188 2765 cont.
1221 2732 1306 2765 Mor.
1336 2741 1367 2774 p.
1397 2732 1495 2765 996d
1524 2729 1616 2777 πρὸς
1642 2733 1820 2776 γαστέρας

323 2781 394 2821 ὦτα
419 2786 470 2833 μὴ
495 2784 647 2832 ἐχούσας
671 2793 703 2822 et
727 2800 760 2832 p.
787 2790 845 2822 131
868 2800 887 2822 e
911 2786 1003 2834 πρὸς
1026 2791 1184 2834 γαστέρα
1210 2782 1282 2822 ὦτα
1307 2786 1360 2835 μὴ
1393 2782 1555 2834 ἔχουσαν
1575 2793 1608 2821 et
1635 2798 1667 2832 p.
1696 2787 1760 2821 198
1781 2788 1816 2829 d,

325 2845 417 2879 unde
442 2845 654 2889 deprompsit
677 2858 739 2880 sua
762 2846 935 2882 Stobaeus
961 2846 1075 2881 Ftoril.
1099 2846 1168 2889 Vt,
1195 2848 1257 2889 54,
1284 2857 1387 2890 quam
1412 2848 1642 2891 suspitionem
1665 2847 1731 2880 etsi
1755 2847 1818 2880 du—

324 2902 479 2937 bitationi
504 2903 614 2945 magis
646 2905 747 2937 etiarn
774 2915 853 2938 esse
880 2904 1065 2939 obnoxiam
1089 2904 1224 2945 sentio,
1252 2904 1523 2947 praetermittere
1546 2903 1703 2946 religioni
1728 2902 1819 2937 duxi.
