<?xml version="1.0" encoding="UTF-8"?>
<!DOCTYPE html PUBLIC "-//W3C//DTD XHTML 1.0 Transitional//EN"
    "http://www.w3.org/TR/xhtml1/DTD/xhtml1-transitional.dtd">
<html xmlns="http://www.w3.org/1999/xhtml" xml:lang="en" lang="en">
 <head>
  <title>
</title>
<meta http-equiv="Content-Type" content="text/html;charset=utf-8" />
  <meta name='ocr-system' content='tesseract 3.04.00' />
  <meta name='ocr-capabilities' content='ocr_page ocr_carea ocr_par ocr_line ocrx_word'/>
</head>
<body>
  <div class='ocr_page' id='page_1' title='image "./vindiciarumpluta00doehuoft_0051.png"; bbox 0 0 1962 3314; ppageno 0'>
   <div class='ocr_carea' id='block_1_1' title="bbox 0 0 42 1233">
    <p class='ocr_par' dir='ltr' id='par_1_1' title="bbox 0 0 42 1233">
     <span class='ocr_line' id='line_1_1' title="bbox 0 0 42 1233; baseline 0 0"><span class='ocrx_word' id='word_1_1' title='bbox 0 0 42 1233; x_wconf 95' lang='lat' dir='ltr'> </span> 
     </span>
    </p>
   </div>
   <div class='ocr_carea' id='block_1_2' title="bbox 792 140 1076 183">
    <p class='ocr_par' dir='ltr' id='par_1_2' title="bbox 792 140 1076 183">
     <span class='ocr_line' id='line_1_2' title="bbox 792 140 1076 183; baseline -0.004 -12"><span class='ocrx_word' id='word_1_2' title='bbox 792 140 1076 183; x_wconf 71' lang='lat'><em>-41-</em></span> 
     </span>
    </p>
   </div>
   <div class='ocr_carea' id='block_1_3' title="bbox 186 245 1696 1770">
    <p class='ocr_par' dir='ltr' id='par_1_3' title="bbox 186 245 1696 1770">
     <span class='ocr_line' id='line_1_3' title="bbox 188 245 1691 303; baseline -0.003 -8"><span class='ocrx_word' id='word_1_3' title='bbox 188 261 320 296; x_wconf 66' lang='lat' dir='ltr'>mn</span> <span class='ocrx_word' id='word_1_4' title='bbox 344 248 498 294; x_wconf 75' lang='lat' dir='ltr'>eadem</span> <span class='ocrx_word' id='word_1_5' title='bbox 522 247 694 292; x_wconf 85' lang='lat' dir='ltr'>dicendi</span> <span class='ocrx_word' id='word_1_6' title='bbox 724 247 888 292; x_wconf 81' lang='lat' dir='ltr'>ratione</span> <span class='ocrx_word' id='word_1_7' title='bbox 916 247 984 292; x_wconf 88' lang='lat' dir='ltr'>bis</span> <span class='ocrx_word' id='word_1_8' title='bbox 1011 247 1075 291; x_wconf 86' lang='lat' dir='ltr'>uti</span> <span class='ocrx_word' id='word_1_9' title='bbox 1106 246 1312 301; x_wconf 80' lang='lat' dir='ltr'>noluerit3</span> <span class='ocrx_word' id='word_1_10' title='bbox 1340 245 1571 303; x_wconf 85' lang='lat' dir='ltr'>eodemque</span> <span class='ocrx_word' id='word_1_11' title='bbox 1597 246 1691 291; x_wconf 79' lang='lat' dir='ltr'>inre</span> 
     </span>
     <span class='ocr_line' id='line_1_4' title="bbox 189 312 1686 376; baseline -0.005 -9"><span class='ocrx_word' id='word_1_12' title='bbox 189 319 296 367; x_wconf 64' lang='grc' dir='ltr'>Μ</span> <span class='ocrx_word' id='word_1_13' title='bbox 311 317 720 376; x_wconf 44' lang='lat' dir='ltr'>Esphnapud‘Phot.</span> <span class='ocrx_word' id='word_1_14' title='bbox 737 317 840 362; x_wconf 82' lang='lat' dir='ltr'><strong>bibl.</strong></span> <span class='ocrx_word' id='word_1_15' title='bbox 861 317 951 363; x_wconf 83' lang='lat' dir='ltr'>cod.</span> <span class='ocrx_word' id='word_1_16' title='bbox 980 321 1057 363; x_wconf 77' lang='lat'>19⁰</span> <span class='ocrx_word' id='word_1_17' title='bbox 1076 331 1116 373; x_wconf 87' lang='grc' dir='ltr'>Ρ.</span> <span class='ocrx_word' id='word_1_18' title='bbox 1135 317 1253 363; x_wconf 79' lang='grc'>1491)</span> <span class='ocrx_word' id='word_1_19' title='bbox 1277 320 1333 363; x_wconf 78' lang='grc'>36</span> <span class='ocrx_word' id='word_1_20' title='bbox 1350 315 1523 372; x_wconf 79' lang='lat' dir='ltr'>scripsit</span> <span class='ocrx_word' id='word_1_21' title='bbox 1533 312 1686 375; x_wconf 71' lang='grc' dir='ltr'><strong><em>Ἑλένη</em></strong></span> 
     </span>
     <span class='ocr_line' id='line_1_5' title="bbox 191 384 1692 450; baseline -0.003 -18"><span class='ocrx_word' id='word_1_22' title='bbox 191 386 308 450; x_wconf 57' lang='grc' dir='ltr'>νηός</span> <span class='ocrx_word' id='word_1_23' title='bbox 336 385 578 432; x_wconf 74' lang='grc' dir='ltr'>Βούπαλον</span> <span class='ocrx_word' id='word_1_24' title='bbox 609 390 901 446; x_wconf 73' lang='grc' dir='ltr'><em>πορευθεῖσα.</em></span> <span class='ocrx_word' id='word_1_25' title='bbox 958 386 1083 443; x_wconf 82' lang='lat' dir='ltr'>Apud</span> <span class='ocrx_word' id='word_1_26' title='bbox 1112 386 1382 442; x_wconf 79' lang='lat' dir='ltr'>Procopium,</span> <span class='ocrx_word' id='word_1_27' title='bbox 1410 389 1459 430; x_wconf 89' lang='lat' dir='ltr'>ut</span> <span class='ocrx_word' id='word_1_28' title='bbox 1485 384 1692 441; x_wconf 87' lang='lat' dir='ltr'>sequioris</span> 
     </span>
     <span class='ocr_line' id='line_1_6' title="bbox 189 452 1691 515; baseline -0.003 -11"><span class='ocrx_word' id='word_1_29' title='bbox 189 458 320 504; x_wconf 56' lang='lat' dir='ltr'>‘fin</span> <span class='ocrx_word' id='word_1_30' title='bbox 346 458 501 503; x_wconf 75' lang='lat' dir='ltr'>aetatis</span> <span class='ocrx_word' id='word_1_31' title='bbox 523 462 745 501; x_wconf 87' lang='lat' dir='ltr'>auctorum</span> <span class='ocrx_word' id='word_1_32' title='bbox 771 457 847 501; x_wconf 85' lang='lat' dir='ltr'>fiat</span> <span class='ocrx_word' id='word_1_33' title='bbox 866 456 1035 506; x_wconf 84' lang='lat' dir='ltr'>mentio,</span> <span class='ocrx_word' id='word_1_34' title='bbox 1064 457 1241 515; x_wconf 73' lang='grc' dir='ltr'>φοιτᾶν,</span> <span class='ocrx_word' id='word_1_35' title='bbox 1273 452 1487 512; x_wconf 65' lang='grc' dir='ltr'>ἔρχεσθαι</span> <span class='ocrx_word' id='word_1_36' title='bbox 1514 459 1559 499; x_wconf 73' lang='lat' dir='ltr'>et</span> <span class='ocrx_word' id='word_1_37' title='bbox 1581 468 1691 511; x_wconf 79' lang='lat' dir='ltr'>quae</span> 
     </span>
     <span class='ocr_line' id='line_1_7' title="bbox 193 526 1693 584; baseline -0.003 -10"><span class='ocrx_word' id='word_1_38' title='bbox 193 531 294 574; x_wconf 61' lang='lat' dir='ltr'>nt</span> <span class='ocrx_word' id='word_1_39' title='bbox 317 528 405 573; x_wconf 74' lang='lat' dir='ltr'>alia</span> <span class='ocrx_word' id='word_1_40' title='bbox 430 528 629 572; x_wconf 88' lang='lat' dir='ltr'>motionis</span> <span class='ocrx_word' id='word_1_41' title='bbox 656 527 943 584; x_wconf 71' lang='lat' dir='ltr'>significativa,</span> <span class='ocrx_word' id='word_1_42' title='bbox 971 526 1145 582; x_wconf 84' lang='lat' dir='ltr'>propria</span> <span class='ocrx_word' id='word_1_43' title='bbox 1170 540 1248 570; x_wconf 92' lang='lat' dir='ltr'>sua</span> <span class='ocrx_word' id='word_1_44' title='bbox 1272 529 1481 581; x_wconf 76' lang='lat' dir='ltr'>potestate</span> <span class='ocrx_word' id='word_1_45' title='bbox 1508 550 1567 558; x_wconf 91' lang='lat'><strong>—</strong></span> <span class='ocrx_word' id='word_1_46' title='bbox 1594 539 1693 569; x_wconf 87' lang='lat' dir='ltr'>nam</span> 
     </span>
     <span class='ocr_line' id='line_1_8' title="bbox 188 592 1692 652; baseline -0.003 -11"><span class='ocrx_word' id='word_1_47' title='bbox 188 594 368 652; x_wconf 66' lang='lat' dir='ltr'>figurate</span> <span class='ocrx_word' id='word_1_48' title='bbox 386 593 547 639; x_wconf 84' lang='lat' dir='ltr'>dictum</span> <span class='ocrx_word' id='word_1_49' title='bbox 567 609 774 651; x_wconf 83' lang='lat' dir='ltr'>nusquam</span> <span class='ocrx_word' id='word_1_50' title='bbox 792 593 1069 649; x_wconf 83' lang='lat' dir='ltr'>reperitur—</span> <span class='ocrx_word' id='word_1_51' title='bbox 1083 592 1330 649; x_wconf 88' lang='lat' dir='ltr'>plerumque</span> <span class='ocrx_word' id='word_1_52' title='bbox 1349 596 1578 636; x_wconf 88' lang='lat' dir='ltr'>occurrunt</span> <span class='ocrx_word' id='word_1_53' title='bbox 1596 605 1692 636; x_wconf 87' lang='lat' dir='ltr'>cum</span> 
     </span>
     <span class='ocr_line' id='line_1_9' title="bbox 190 664 1693 724; baseline -0.003 -13"><span class='ocrx_word' id='word_1_54' title='bbox 190 664 319 724; x_wconf 68' lang='grc' dir='ltr'>παρὰ</span> <span class='ocrx_word' id='word_1_55' title='bbox 347 669 398 710; x_wconf 87' lang='lat' dir='ltr'>ut</span> <span class='ocrx_word' id='word_1_56' title='bbox 423 666 464 710; x_wconf 87' lang='lat' dir='ltr'>b.</span> <span class='ocrx_word' id='word_1_57' title='bbox 492 681 531 723; x_wconf 75' lang='lat' dir='ltr'>g.</span> <span class='ocrx_word' id='word_1_58' title='bbox 559 680 599 721; x_wconf 90' lang='lat' dir='ltr'>p.</span> <span class='ocrx_word' id='word_1_59' title='bbox 624 668 713 716; x_wconf 78' lang='lat'>172,</span> <span class='ocrx_word' id='word_1_60' title='bbox 746 669 792 709; x_wconf 90' lang='grc'>11</span> <span class='ocrx_word' id='word_1_61' title='bbox 828 678 870 719; x_wconf 87' lang='lat' dir='ltr'>p.</span> <span class='ocrx_word' id='word_1_62' title='bbox 898 667 993 715; x_wconf 81' lang='grc'>201,</span> <span class='ocrx_word' id='word_1_63' title='bbox 1027 667 1044 708; x_wconf 94' lang='grc'>1</span> <span class='ocrx_word' id='word_1_64' title='bbox 1077 676 1117 718; x_wconf 87' lang='grc' dir='ltr'>Ρ.</span> <span class='ocrx_word' id='word_1_65' title='bbox 1145 665 1240 714; x_wconf 81' lang='grc'>253,</span> <span class='ocrx_word' id='word_1_66' title='bbox 1275 665 1326 707; x_wconf 83' lang='grc'>10</span> <span class='ocrx_word' id='word_1_67' title='bbox 1352 676 1394 717; x_wconf 89' lang='lat' dir='ltr'>p.</span> <span class='ocrx_word' id='word_1_68' title='bbox 1421 664 1517 713; x_wconf 79' lang='lat'>537,</span> <span class='ocrx_word' id='word_1_69' title='bbox 1546 665 1573 707; x_wconf 87' lang='lat'><em>2</em></span> <span class='ocrx_word' id='word_1_70' title='bbox 1601 666 1693 713; x_wconf 67' lang='lat' dir='ltr'>etc„</span> 
     </span>
     <span class='ocr_line' id='line_1_10' title="bbox 186 729 1693 791; baseline -0.003 -11"><span class='ocrx_word' id='word_1_71' title='bbox 186 733 302 791; x_wconf 63' lang='lat' dir='ltr'>apd</span> <span class='ocrx_word' id='word_1_72' title='bbox 318 734 486 779; x_wconf 76' lang='lat' dir='ltr'>Annam</span> <span class='ocrx_word' id='word_1_73' title='bbox 509 733 658 779; x_wconf 86' lang='lat' dir='ltr'>eodem</span> <span class='ocrx_word' id='word_1_74' title='bbox 682 747 808 778; x_wconf 89' lang='lat' dir='ltr'>sensu</span> <span class='ocrx_word' id='word_1_75' title='bbox 827 733 992 791; x_wconf 71' lang='grc' dir='ltr'>φοιτᾶν</span> <span class='ocrx_word' id='word_1_76' title='bbox 1012 731 1281 789; x_wconf 81' lang='lat' dir='ltr'>coniungitur</span> <span class='ocrx_word' id='word_1_77' title='bbox 1301 745 1397 775; x_wconf 89' lang='lat' dir='ltr'>cum</span> <span class='ocrx_word' id='word_1_78' title='bbox 1425 729 1540 789; x_wconf 81' lang='grc' dir='ltr'><strong><em>πρός</em></strong></span> <span class='ocrx_word' id='word_1_79' title='bbox 1562 731 1693 776; x_wconf 82' lang='lat' dir='ltr'>veluti</span> 
     </span>
     <span class='ocr_line' id='line_1_11' title="bbox 189 804 1693 864; baseline -0.004 -11"><span class='ocrx_word' id='word_1_80' title='bbox 189 820 235 864; x_wconf 53' lang='lat' dir='ltr'>pa·</span> <span class='ocrx_word' id='word_1_81' title='bbox 258 810 366 859; x_wconf 74' lang='lat'>2⁰4.</span> <span class='ocrx_word' id='word_1_82' title='bbox 397 812 414 852; x_wconf 89' lang='grc'>1</span> <span class='ocrx_word' id='word_1_83' title='bbox 448 806 566 851; x_wconf 75' lang='lat' dir='ltr'>alias.</span> <span class='ocrx_word' id='word_1_84' title='bbox 626 806 692 850; x_wconf 85' lang='lat' dir='ltr'>Ex</span> <span class='ocrx_word' id='word_1_85' title='bbox 720 806 817 850; x_wconf 85' lang='lat' dir='ltr'>aliis</span> <span class='ocrx_word' id='word_1_86' title='bbox 852 805 1108 850; x_wconf 88' lang='lat' dir='ltr'>senescentis</span> <span class='ocrx_word' id='word_1_87' title='bbox 1142 804 1390 861; x_wconf 81' lang='lat' dir='ltr'>graecitatis</span> <span class='ocrx_word' id='word_1_88' title='bbox 1417 804 1693 859; x_wconf 69' lang='lat' dir='ltr'>scriptoribus</span> 
     </span>
     <span class='ocr_line' id='line_1_12' title="bbox 189 872 1692 933; baseline -0.003 -11"><span class='ocrx_word' id='word_1_89' title='bbox 189 876 299 922; x_wconf 75' lang='lat' dir='ltr'>nihil</span> <span class='ocrx_word' id='word_1_90' title='bbox 334 876 382 921; x_wconf 88' lang='lat' dir='ltr'>in</span> <span class='ocrx_word' id='word_1_91' title='bbox 419 881 618 933; x_wconf 87' lang='lat' dir='ltr'>promptu</span> <span class='ocrx_word' id='word_1_92' title='bbox 656 881 722 920; x_wconf 88' lang='lat' dir='ltr'>est</span> <span class='ocrx_word' id='word_1_93' title='bbox 757 890 884 932; x_wconf 90' lang='lat' dir='ltr'>quam</span> <span class='ocrx_word' id='word_1_94' title='bbox 920 875 1047 919; x_wconf 84' lang='lat' dir='ltr'>Leon.</span> <span class='ocrx_word' id='word_1_95' title='bbox 1086 874 1260 919; x_wconf 89' lang='lat' dir='ltr'>Diacon.</span> <span class='ocrx_word' id='word_1_96' title='bbox 1299 887 1339 928; x_wconf 91' lang='lat' dir='ltr'>p.</span> <span class='ocrx_word' id='word_1_97' title='bbox 1370 874 1447 925; x_wconf 87' lang='grc'>86,</span> <span class='ocrx_word' id='word_1_98' title='bbox 1491 876 1541 918; x_wconf 89' lang='grc'>13</span> <span class='ocrx_word' id='word_1_99' title='bbox 1579 872 1692 932; x_wconf 77' lang='grc' dir='ltr'><strong><em>πρὸς</em></strong></span> 
     </span>
     <span class='ocr_line' id='line_1_13' title="bbox 187 941 1692 1007; baseline -0.005 -14"><span class='ocrx_word' id='word_1_100' title='bbox 187 943 584 1007; x_wconf 45' lang='lat' dir='ltr'>&amp;chonobrum</span> <span class='ocrx_word' id='word_1_101' title='bbox 605 943 931 1005; x_wconf 77' lang='grc' dir='ltr'><strong><em>εἶσφοιτὴσασα</em></strong></span> <span class='ocrx_word' id='word_1_102' title='bbox 946 941 991 1004; x_wconf 80' lang='grc' dir='ltr'>(ἧ</span> <span class='ocrx_word' id='word_1_103' title='bbox 1006 942 1203 1001; x_wconf 69' lang='grc' dir='ltr'>βασιλὶς)</span> <span class='ocrx_word' id='word_1_104' title='bbox 1220 948 1266 988; x_wconf 88' lang='lat' dir='ltr'>et</span> <span class='ocrx_word' id='word_1_105' title='bbox 1285 944 1435 989; x_wconf 79' lang='lat' dir='ltr'>Zonar.</span> <span class='ocrx_word' id='word_1_106' title='bbox 1450 942 1600 987; x_wconf 81' lang='lat' dir='ltr'>Annal.</span> <span class='ocrx_word' id='word_1_107' title='bbox 1615 942 1692 994; x_wconf 77' lang='lat' dir='ltr'>m,</span> 
     </span>
     <span class='ocr_line' id='line_1_14' title="bbox 191 1009 1688 1075; baseline -0.004 -11"><span class='ocrx_word' id='word_1_108' title='bbox 191 1021 257 1064; x_wconf 74' lang='lat'>¹2·</span> <span class='ocrx_word' id='word_1_109' title='bbox 273 1032 314 1075; x_wconf 81' lang='lat' dir='ltr'>p.</span> <span class='ocrx_word' id='word_1_110' title='bbox 340 1021 444 1071; x_wconf 72' lang='lat'>251,</span> <span class='ocrx_word' id='word_1_111' title='bbox 486 1022 536 1063; x_wconf 87' lang='grc'>15</span> <span class='ocrx_word' id='word_1_112' title='bbox 579 1020 737 1061; x_wconf 69' lang='grc' dir='ltr'><strong><em>πεῖσον</em></strong></span> <span class='ocrx_word' id='word_1_113' title='bbox 768 1014 846 1075; x_wconf 76' lang='grc' dir='ltr'>τὴν</span> <span class='ocrx_word' id='word_1_114' title='bbox 881 1018 1065 1073; x_wconf 72' lang='grc' dir='ltr'><strong><em>γυναῖκα</em></strong></span> <span class='ocrx_word' id='word_1_115' title='bbox 1101 1016 1184 1059; x_wconf 75' lang='grc' dir='ltr'>τοῦ</span> <span class='ocrx_word' id='word_1_116' title='bbox 1219 1013 1372 1059; x_wconf 69' lang='grc' dir='ltr'><strong><em>ἐλθεῖν</em></strong></span> <span class='ocrx_word' id='word_1_117' title='bbox 1406 1012 1520 1073; x_wconf 74' lang='grc' dir='ltr'><strong><em>πρὸς</em></strong></span> <span class='ocrx_word' id='word_1_118' title='bbox 1558 1009 1688 1072; x_wconf 82' lang='grc' dir='ltr'>ἡμᾶς,</span> 
     </span>
     <span class='ocr_line' id='line_1_15' title="bbox 190 1082 1694 1146; baseline -0.005 -12"><span class='ocrx_word' id='word_1_119' title='bbox 190 1088 345 1146; x_wconf 78' lang='lat' dir='ltr'>quibus</span> <span class='ocrx_word' id='word_1_120' title='bbox 367 1087 618 1144; x_wconf 79' lang='lat' dir='ltr'>subiungam</span> <span class='ocrx_word' id='word_1_121' title='bbox 648 1086 687 1130; x_wconf 88' lang='lat' dir='ltr'>S.</span> <span class='ocrx_word' id='word_1_122' title='bbox 717 1085 928 1143; x_wconf 67' lang='lat' dir='ltr'>Chrysost</span> <span class='ocrx_word' id='word_1_123' title='bbox 956 1085 1010 1130; x_wconf 88' lang='lat' dir='ltr'>de</span> <span class='ocrx_word' id='word_1_124' title='bbox 1038 1084 1077 1129; x_wconf 92' lang='lat' dir='ltr'>S.</span> <span class='ocrx_word' id='word_1_125' title='bbox 1107 1084 1271 1141; x_wconf 81' lang='lat' dir='ltr'>Babyla</span> <span class='ocrx_word' id='word_1_126' title='bbox 1298 1098 1339 1139; x_wconf 92' lang='lat' dir='ltr'>p.</span> <span class='ocrx_word' id='word_1_127' title='bbox 1363 1086 1468 1134; x_wconf 73' lang='lat'>246,</span> <span class='ocrx_word' id='word_1_128' title='bbox 1494 1088 1550 1128; x_wconf 86' lang='lat'>50</span> <span class='ocrx_word' id='word_1_129' title='bbox 1580 1082 1694 1142; x_wconf 80' lang='grc' dir='ltr'><strong><em>πρὸς</em></strong></span> 
     </span>
     <span class='ocr_line' id='line_1_16' title="bbox 190 1151 1691 1217; baseline -0.005 -14"><span class='ocrx_word' id='word_1_130' title='bbox 190 1154 326 1217; x_wconf 65' lang='grc' dir='ltr'><em>αὐτὴν</em></span> <span class='ocrx_word' id='word_1_131' title='bbox 344 1155 656 1217; x_wconf 74' lang='grc' dir='ltr'>(Ἀφροδίτην)</span> <span class='ocrx_word' id='word_1_132' title='bbox 674 1154 895 1201; x_wconf 69' lang='grc' dir='ltr'><strong><em>εἰσελθεῖν</em></strong></span> <span class='ocrx_word' id='word_1_133' title='bbox 917 1169 1056 1213; x_wconf 70' lang='grc' dir='ltr'>φασιν</span> <span class='ocrx_word' id='word_1_134' title='bbox 1076 1151 1346 1213; x_wconf 56' lang='grc' dir='ltr'>’Ἠφαιστοις</span> <span class='ocrx_word' id='word_1_135' title='bbox 1372 1167 1451 1197; x_wconf 91' lang='lat' dir='ltr'>nec</span> <span class='ocrx_word' id='word_1_136' title='bbox 1473 1156 1617 1196; x_wconf 83' lang='lat' dir='ltr'>tamen</span> <span class='ocrx_word' id='word_1_137' title='bbox 1638 1167 1691 1196; x_wconf 93' lang='lat' dir='ltr'>ne</span> 
     </span>
     <span class='ocr_line' id='line_1_17' title="bbox 190 1223 1687 1287; baseline -0.006 -12"><span class='ocrx_word' id='word_1_138' title='bbox 190 1229 305 1287; x_wconf 78' lang='lat' dir='ltr'>apud</span> <span class='ocrx_word' id='word_1_139' title='bbox 325 1229 405 1274; x_wconf 82' lang='lat' dir='ltr'>hos</span> <span class='ocrx_word' id='word_1_140' title='bbox 422 1229 594 1287; x_wconf 87' lang='lat' dir='ltr'>quidem</span> <span class='ocrx_word' id='word_1_141' title='bbox 612 1229 692 1272; x_wconf 92' lang='lat' dir='ltr'>hoc</span> <span class='ocrx_word' id='word_1_142' title='bbox 718 1228 782 1271; x_wconf 83' lang='lat' dir='ltr'>ita</span> <span class='ocrx_word' id='word_1_143' title='bbox 803 1225 1078 1283; x_wconf 76' lang='lat' dir='ltr'>pertinaciter</span> <span class='ocrx_word' id='word_1_144' title='bbox 1095 1225 1263 1276; x_wconf 87' lang='lat' dir='ltr'>haeret,</span> <span class='ocrx_word' id='word_1_145' title='bbox 1291 1227 1340 1267; x_wconf 90' lang='lat' dir='ltr'>ut</span> <span class='ocrx_word' id='word_1_146' title='bbox 1358 1223 1495 1268; x_wconf 77' lang='lat' dir='ltr'>altero</span> <span class='ocrx_word' id='word_1_147' title='bbox 1515 1237 1687 1278; x_wconf 85' lang='lat' dir='ltr'>prorsus</span> 
     </span>
     <span class='ocr_line' id='line_1_18' title="bbox 190 1292 1689 1350; baseline -0.005 -7"><span class='ocrx_word' id='word_1_148' title='bbox 190 1297 487 1343; x_wconf 75' lang='lat' dir='ltr'>abstinuerint</span> <span class='ocrx_word' id='word_1_149' title='bbox 532 1297 650 1350; x_wconf 85' lang='lat' dir='ltr'>Quae</span> <span class='ocrx_word' id='word_1_150' title='bbox 678 1311 775 1341; x_wconf 89' lang='lat' dir='ltr'>cum</span> <span class='ocrx_word' id='word_1_151' title='bbox 802 1296 866 1340; x_wconf 83' lang='lat' dir='ltr'>ita</span> <span class='ocrx_word' id='word_1_152' title='bbox 891 1296 979 1339; x_wconf 91' lang='lat' dir='ltr'>sint</span> <span class='ocrx_word' id='word_1_153' title='bbox 1000 1309 1092 1339; x_wconf 90' lang='lat' dir='ltr'>rem</span> <span class='ocrx_word' id='word_1_154' title='bbox 1118 1295 1206 1339; x_wconf 85' lang='lat' dir='ltr'>iam</span> <span class='ocrx_word' id='word_1_155' title='bbox 1234 1308 1284 1339; x_wconf 92' lang='lat' dir='ltr'>eo</span> <span class='ocrx_word' id='word_1_156' title='bbox 1310 1293 1433 1338; x_wconf 85' lang='lat' dir='ltr'>nobis</span> <span class='ocrx_word' id='word_1_157' title='bbox 1460 1292 1689 1337; x_wconf 81' lang='lat' dir='ltr'>adduxisse</span> 
     </span>
     <span class='ocr_line' id='line_1_19' title="bbox 192 1361 1696 1423; baseline -0.003 -12"><span class='ocrx_word' id='word_1_158' title='bbox 192 1365 394 1417; x_wconf 73' lang='lat' dir='ltr'>videmur,</span> <span class='ocrx_word' id='word_1_159' title='bbox 421 1370 470 1410; x_wconf 83' lang='lat' dir='ltr'>ut</span> <span class='ocrx_word' id='word_1_160' title='bbox 486 1367 651 1423; x_wconf 72' lang='grc' dir='ltr'>φοιτᾶν</span> <span class='ocrx_word' id='word_1_161' title='bbox 680 1361 807 1422; x_wconf 80' lang='grc' dir='ltr'>παρά</span> <span class='ocrx_word' id='word_1_162' title='bbox 834 1381 933 1408; x_wconf 71' lang='grc' dir='ltr'>τινα</span> <span class='ocrx_word' id='word_1_163' title='bbox 953 1364 1007 1408; x_wconf 90' lang='lat' dir='ltr'>de</span> <span class='ocrx_word' id='word_1_164' title='bbox 1025 1363 1327 1408; x_wconf 87' lang='lat' dir='ltr'>consuetudine</span> <span class='ocrx_word' id='word_1_165' title='bbox 1352 1377 1534 1408; x_wconf 81' lang='lat' dir='ltr'>venerea</span> <span class='ocrx_word' id='word_1_166' title='bbox 1552 1363 1696 1419; x_wconf 81' lang='lat' dir='ltr'>paullo</span> 
     </span>
     <span class='ocr_line' id='line_1_20' title="bbox 191 1432 1693 1495; baseline -0.003 -12"><span class='ocrx_word' id='word_1_167' title='bbox 191 1437 451 1495; x_wconf 74' lang='lat' dir='ltr'>frequentius</span> <span class='ocrx_word' id='word_1_168' title='bbox 477 1438 605 1482; x_wconf 79' lang='lat' dir='ltr'>fuisse</span> <span class='ocrx_word' id='word_1_169' title='bbox 632 1436 915 1494; x_wconf 66' lang='lat' dir='ltr'>intellegatur,</span> <span class='ocrx_word' id='word_1_170' title='bbox 942 1450 1071 1492; x_wconf 87' lang='lat' dir='ltr'>quam</span> <span class='ocrx_word' id='word_1_171' title='bbox 1097 1450 1150 1494; x_wconf 88' lang='grc' dir='ltr'>φ.</span> <span class='ocrx_word' id='word_1_172' title='bbox 1177 1432 1293 1494; x_wconf 80' lang='grc' dir='ltr'><strong><em>πρός</em></strong></span> <span class='ocrx_word' id='word_1_173' title='bbox 1313 1450 1426 1487; x_wconf 78' lang='grc' dir='ltr'>τινα,</span> <span class='ocrx_word' id='word_1_174' title='bbox 1452 1435 1515 1479; x_wconf 81' lang='lat' dir='ltr'>itu</span> <span class='ocrx_word' id='word_1_175' title='bbox 1537 1438 1693 1485; x_wconf 88' lang='lat' dir='ltr'>tamen,</span> 
     </span>
     <span class='ocr_line' id='line_1_21' title="bbox 191 1502 1689 1562; baseline -0.005 -10"><span class='ocrx_word' id='word_1_176' title='bbox 191 1510 242 1551; x_wconf 85' lang='lat' dir='ltr'>ut</span> <span class='ocrx_word' id='word_1_177' title='bbox 257 1521 342 1551; x_wconf 88' lang='lat' dir='ltr'>non</span> <span class='ocrx_word' id='word_1_178' title='bbox 360 1506 491 1552; x_wconf 82' lang='lat' dir='ltr'>semel</span> <span class='ocrx_word' id='word_1_179' title='bbox 517 1506 632 1562; x_wconf 87' lang='lat' dir='ltr'>apud</span> <span class='ocrx_word' id='word_1_180' title='bbox 649 1520 795 1562; x_wconf 80' lang='lat' dir='ltr'>cmnes</span> <span class='ocrx_word' id='word_1_181' title='bbox 822 1504 1011 1549; x_wconf 90' lang='lat' dir='ltr'>omnium</span> <span class='ocrx_word' id='word_1_182' title='bbox 1038 1507 1227 1548; x_wconf 85' lang='lat' dir='ltr'>aetatum</span> <span class='ocrx_word' id='word_1_183' title='bbox 1255 1502 1483 1558; x_wconf 85' lang='lat' dir='ltr'>scriptores</span> <span class='ocrx_word' id='word_1_184' title='bbox 1508 1502 1689 1546; x_wconf 83' lang='lat' dir='ltr'>alterum</span> 
     </span>
     <span class='ocr_line' id='line_1_22' title="bbox 191 1570 1693 1617; baseline -0.002 0"><span class='ocrx_word' id='word_1_185' title='bbox 191 1572 238 1616; x_wconf 85' lang='lat' dir='ltr'>in</span> <span class='ocrx_word' id='word_1_186' title='bbox 269 1571 446 1617; x_wconf 79' lang='lat' dir='ltr'>alterins</span> <span class='ocrx_word' id='word_1_187' title='bbox 482 1572 616 1616; x_wconf 83' lang='lat' dir='ltr'>vicem</span> <span class='ocrx_word' id='word_1_188' title='bbox 651 1572 708 1616; x_wconf 89' lang='lat' dir='ltr'>sit</span> <span class='ocrx_word' id='word_1_189' title='bbox 741 1571 1026 1616; x_wconf 81' lang='lat' dir='ltr'>substitutum.</span> <span class='ocrx_word' id='word_1_190' title='bbox 1083 1571 1152 1614; x_wconf 78' lang='lat' dir='ltr'>Ita</span> <span class='ocrx_word' id='word_1_191' title='bbox 1189 1571 1239 1614; x_wconf 84' lang='lat' dir='ltr'>fit</span> <span class='ocrx_word' id='word_1_192' title='bbox 1270 1574 1320 1614; x_wconf 87' lang='lat' dir='ltr'>ut</span> <span class='ocrx_word' id='word_1_193' title='bbox 1360 1570 1424 1615; x_wconf 91' lang='lat' dir='ltr'>rei</span> <span class='ocrx_word' id='word_1_194' title='bbox 1461 1585 1624 1614; x_wconf 87' lang='lat' dir='ltr'>summa</span> <span class='ocrx_word' id='word_1_195' title='bbox 1665 1586 1693 1615; x_wconf 90' lang='lat' dir='ltr'>a</span> 
     </span>
     <span class='ocr_line' id='line_1_23' title="bbox 189 1639 1691 1700; baseline -0.002 -13"><span class='ocrx_word' id='word_1_196' title='bbox 189 1642 381 1687; x_wconf 71' lang='lat' dir='ltr'>codis-</span> <span class='ocrx_word' id='word_1_197' title='bbox 406 1642 497 1687; x_wconf 78' lang='lat' dir='ltr'>fere</span> <span class='ocrx_word' id='word_1_198' title='bbox 525 1643 710 1698; x_wconf 77' lang='lat' dir='ltr'>pendeat</span> <span class='ocrx_word' id='word_1_199' title='bbox 736 1642 999 1693; x_wconf 80' lang='lat' dir='ltr'>auctoritate,</span> <span class='ocrx_word' id='word_1_200' title='bbox 1024 1642 1098 1698; x_wconf 91' lang='lat' dir='ltr'>qui</span> <span class='ocrx_word' id='word_1_201' title='bbox 1127 1642 1164 1685; x_wconf 89' lang='lat' dir='ltr'>si</span> <span class='ocrx_word' id='word_1_202' title='bbox 1192 1640 1397 1684; x_wconf 86' lang='lat' dir='ltr'>dimicant</span> <span class='ocrx_word' id='word_1_203' title='bbox 1424 1641 1539 1684; x_wconf 88' lang='lat' dir='ltr'>inter</span> <span class='ocrx_word' id='word_1_204' title='bbox 1570 1639 1691 1700; x_wconf 70' lang='grc' dir='ltr'><strong><em>πρός</em></strong></span> 
     </span>
     <span class='ocr_line' id='line_1_24' title="bbox 192 1709 1694 1770; baseline -0.001 -15"><span class='ocrx_word' id='word_1_205' title='bbox 192 1716 241 1756; x_wconf 78' lang='lat' dir='ltr'>et</span> <span class='ocrx_word' id='word_1_206' title='bbox 268 1710 408 1770; x_wconf 77' lang='grc' dir='ltr'>παρά,</span> <span class='ocrx_word' id='word_1_207' title='bbox 437 1711 618 1757; x_wconf 88' lang='lat' dir='ltr'>liberum</span> <span class='ocrx_word' id='word_1_208' title='bbox 647 1713 735 1757; x_wconf 81' lang='lat' dir='ltr'>fere</span> <span class='ocrx_word' id='word_1_209' title='bbox 763 1716 839 1762; x_wconf 87' lang='lat' dir='ltr'>est,</span> <span class='ocrx_word' id='word_1_210' title='bbox 868 1712 915 1755; x_wconf 89' lang='lat' dir='ltr'>in</span> <span class='ocrx_word' id='word_1_211' title='bbox 941 1725 1070 1768; x_wconf 84' lang='lat' dir='ltr'>quam</span> <span class='ocrx_word' id='word_1_212' title='bbox 1097 1710 1278 1767; x_wconf 87' lang='lat' dir='ltr'>quisque</span> <span class='ocrx_word' id='word_1_213' title='bbox 1306 1710 1563 1755; x_wconf 85' lang='lat' dir='ltr'>descendere</span> <span class='ocrx_word' id='word_1_214' title='bbox 1591 1709 1694 1754; x_wconf 84' lang='lat' dir='ltr'>velit</span> 
     </span>
    </p>
   </div>
   <div class='ocr_carea' id='block_1_4' title="bbox 193 1783 1687 1904">
    <p class='ocr_par' dir='ltr' id='par_1_4' title="bbox 193 1783 1687 1904">
     <span class='ocr_line' id='line_1_25' title="bbox 193 1783 1687 1904; baseline -0.002 -10"><span class='ocrx_word' id='word_1_215' title='bbox 193 1783 439 1894; x_wconf 46' lang='lat' dir='ltr'>mlssemo</span> <span class='ocrx_word' id='word_1_216' title='bbox 467 1850 601 1893; x_wconf 83' lang='lat' dir='ltr'>nescit</span> <span class='ocrx_word' id='word_1_217' title='bbox 629 1864 656 1892; x_wconf 83' lang='lat' dir='ltr'>a</span> <span class='ocrx_word' id='word_1_218' title='bbox 682 1848 910 1892; x_wconf 79' lang='lat' dir='ltr'>Plutarcho</span> <span class='ocrx_word' id='word_1_219' title='bbox 939 1848 1117 1904; x_wconf 82' lang='lat' dir='ltr'>ahisque</span> <span class='ocrx_word' id='word_1_220' title='bbox 1139 1847 1325 1891; x_wconf 82' lang='lat' dir='ltr'>eiusdem</span> <span class='ocrx_word' id='word_1_221' title='bbox 1352 1851 1491 1891; x_wconf 84' lang='lat' dir='ltr'>sectae</span> <span class='ocrx_word' id='word_1_222' title='bbox 1513 1848 1687 1903; x_wconf 88' lang='lat' dir='ltr'>scripto-</span> 
     </span>
    </p>
   </div>
   <div class='ocr_carea' id='block_1_5' title="bbox 125 1916 1692 1974">
    <p class='ocr_par' dir='ltr' id='par_1_5' title="bbox 125 1916 1692 1974">
     <span class='ocr_line' id='line_1_26' title="bbox 125 1916 1692 1974; baseline -0.002 -11"><span class='ocrx_word' id='word_1_223' title='bbox 125 1969 131 1974; x_wconf 46' lang='lat'>,</span> <span class='ocrx_word' id='word_1_224' title='bbox 193 1918 310 1963; x_wconf 85' lang='lat' dir='ltr'>ribus</span> <span class='ocrx_word' id='word_1_225' title='bbox 337 1918 542 1969; x_wconf 84' lang='lat' dir='ltr'>Luciano,</span> <span class='ocrx_word' id='word_1_226' title='bbox 573 1918 708 1962; x_wconf 87' lang='lat' dir='ltr'>Dione</span> <span class='ocrx_word' id='word_1_227' title='bbox 738 1917 1032 1974; x_wconf 78' lang='lat' dir='ltr'>Chrysostomo</span> <span class='ocrx_word' id='word_1_228' title='bbox 1061 1916 1175 1967; x_wconf 83' lang='lat' dir='ltr'>aliis,</span> <span class='ocrx_word' id='word_1_229' title='bbox 1212 1930 1351 1960; x_wconf 86' lang='lat' dir='ltr'>crases</span> <span class='ocrx_word' id='word_1_230' title='bbox 1379 1916 1533 1972; x_wconf 87' lang='lat' dir='ltr'>quibus</span> <span class='ocrx_word' id='word_1_231' title='bbox 1563 1917 1692 1960; x_wconf 83' lang='lat' dir='ltr'>Attici</span> 
     </span>
    </p>
   </div>
   <div class='ocr_carea' id='block_1_6' title="bbox 188 1983 1693 2605">
    <p class='ocr_par' dir='ltr' id='par_1_6' title="bbox 188 1983 1693 2605">
     <span class='ocr_line' id='line_1_27' title="bbox 191 1983 1692 2044; baseline -0.003 -13"><span class='ocrx_word' id='word_1_232' title='bbox 191 1991 397 2044; x_wconf 82' lang='lat' dir='ltr'>perpetuo</span> <span class='ocrx_word' id='word_1_233' title='bbox 425 1987 666 2038; x_wconf 86' lang='lat' dir='ltr'>utebantur,</span> <span class='ocrx_word' id='word_1_234' title='bbox 695 1985 824 2029; x_wconf 83' lang='lat' dir='ltr'>recoli</span> <span class='ocrx_word' id='word_1_235' title='bbox 855 1987 1027 2040; x_wconf 82' lang='lat' dir='ltr'>coeptas</span> <span class='ocrx_word' id='word_1_236' title='bbox 1055 1997 1162 2035; x_wconf 87' lang='lat' dir='ltr'>esse,</span> <span class='ocrx_word' id='word_1_237' title='bbox 1191 1983 1297 2028; x_wconf 75' lang='lat' dir='ltr'>adeo</span> <span class='ocrx_word' id='word_1_238' title='bbox 1324 1988 1373 2027; x_wconf 85' lang='lat' dir='ltr'>ut</span> <span class='ocrx_word' id='word_1_239' title='bbox 1393 1983 1494 2027; x_wconf 86' lang='lat' dir='ltr'>licet</span> <span class='ocrx_word' id='word_1_240' title='bbox 1514 1998 1692 2042; x_wconf 80' lang='lat' dir='ltr'>magnus</span> 
     </span>
     <span class='ocr_line' id='line_1_28' title="bbox 188 2054 1691 2110; baseline -0.001 -8"><span class='ocrx_word' id='word_1_241' title='bbox 188 2070 292 2101; x_wconf 76' lang='lat' dir='ltr'>sane</span> <span class='ocrx_word' id='word_1_242' title='bbox 330 2071 476 2102; x_wconf 77' lang='lat' dir='ltr'>earum</span> <span class='ocrx_word' id='word_1_243' title='bbox 514 2070 713 2101; x_wconf 86' lang='lat' dir='ltr'>numerus</span> <span class='ocrx_word' id='word_1_244' title='bbox 750 2054 982 2100; x_wconf 85' lang='lat' dir='ltr'>effloruerit</span> <span class='ocrx_word' id='word_1_245' title='bbox 1019 2054 1131 2110; x_wconf 88' lang='lat' dir='ltr'>apud</span> <span class='ocrx_word' id='word_1_246' title='bbox 1172 2054 1285 2106; x_wconf 90' lang='lat' dir='ltr'>illos,</span> <span class='ocrx_word' id='word_1_247' title='bbox 1324 2055 1512 2110; x_wconf 89' lang='lat' dir='ltr'>potiores</span> <span class='ocrx_word' id='word_1_248' title='bbox 1549 2059 1691 2100; x_wconf 75' lang='lat' dir='ltr'>tamen</span> 
     </span>
     <span class='ocr_line' id='line_1_29' title="bbox 191 2123 1691 2183; baseline -0.003 -10"><span class='ocrx_word' id='word_1_249' title='bbox 191 2127 420 2173; x_wconf 81' lang='lat' dir='ltr'>secundum</span> <span class='ocrx_word' id='word_1_250' title='bbox 448 2126 576 2171; x_wconf 84' lang='lat' dir='ltr'>fixam</span> <span class='ocrx_word' id='word_1_251' title='bbox 601 2126 814 2183; x_wconf 86' lang='lat' dir='ltr'>quandam</span> <span class='ocrx_word' id='word_1_252' title='bbox 838 2125 1030 2183; x_wconf 77' lang='lat' dir='ltr'>regulam</span> <span class='ocrx_word' id='word_1_253' title='bbox 1058 2123 1215 2180; x_wconf 85' lang='lat' dir='ltr'>passim</span> <span class='ocrx_word' id='word_1_254' title='bbox 1237 2127 1468 2168; x_wconf 73' lang='lat' dir='ltr'>recurrant,</span> <span class='ocrx_word' id='word_1_255' title='bbox 1528 2125 1622 2177; x_wconf 86' lang='lat' dir='ltr'>Qua</span> <span class='ocrx_word' id='word_1_256' title='bbox 1638 2124 1691 2169; x_wconf 90' lang='lat' dir='ltr'>de</span> 
     </span>
     <span class='ocr_line' id='line_1_30' title="bbox 192 2194 1691 2254; baseline -0.001 -12"><span class='ocrx_word' id='word_1_257' title='bbox 192 2213 238 2242; x_wconf 84' lang='lat' dir='ltr'>re</span> <span class='ocrx_word' id='word_1_258' title='bbox 263 2198 458 2254; x_wconf 84' lang='lat' dir='ltr'>pluribus</span> <span class='ocrx_word' id='word_1_259' title='bbox 482 2213 510 2241; x_wconf 87' lang='lat' dir='ltr'>a</span> <span class='ocrx_word' id='word_1_260' title='bbox 537 2213 604 2242; x_wconf 89' lang='lat' dir='ltr'>me</span> <span class='ocrx_word' id='word_1_261' title='bbox 633 2198 869 2253; x_wconf 82' lang='lat' dir='ltr'>expositum</span> <span class='ocrx_word' id='word_1_262' title='bbox 898 2201 964 2242; x_wconf 80' lang='lat' dir='ltr'>est</span> <span class='ocrx_word' id='word_1_263' title='bbox 988 2197 1034 2239; x_wconf 93' lang='lat' dir='ltr'>in</span> <span class='ocrx_word' id='word_1_264' title='bbox 1059 2197 1226 2248; x_wconf 83' lang='lat' dir='ltr'>Quaest.</span> <span class='ocrx_word' id='word_1_265' title='bbox 1258 2194 1365 2240; x_wconf 87' lang='lat' dir='ltr'>Plut.</span> <span class='ocrx_word' id='word_1_266' title='bbox 1388 2195 1454 2239; x_wconf 94' lang='lat'>111</span> <span class='ocrx_word' id='word_1_267' title='bbox 1477 2209 1517 2251; x_wconf 91' lang='lat' dir='ltr'>p.</span> <span class='ocrx_word' id='word_1_268' title='bbox 1543 2200 1594 2241; x_wconf 86' lang='grc'>51</span> <span class='ocrx_word' id='word_1_269' title='bbox 1619 2211 1691 2253; x_wconf 67' lang='lat' dir='ltr'>sq„</span> 
     </span>
     <span class='ocr_line' id='line_1_31' title="bbox 193 2265 1693 2325; baseline -0.001 -13"><span class='ocrx_word' id='word_1_270' title='bbox 193 2269 368 2314; x_wconf 80' lang='lat' dir='ltr'>fortasse</span> <span class='ocrx_word' id='word_1_271' title='bbox 397 2282 481 2313; x_wconf 91' lang='lat' dir='ltr'>non</span> <span class='ocrx_word' id='word_1_272' title='bbox 511 2268 756 2319; x_wconf 74' lang='lat' dir='ltr'>infeliciter,</span> <span class='ocrx_word' id='word_1_273' title='bbox 796 2281 1053 2325; x_wconf 81' lang='lat' dir='ltr'>quamquam</span> <span class='ocrx_word' id='word_1_274' title='bbox 1092 2267 1273 2323; x_wconf 83' lang='lat' dir='ltr'>ingenue</span> <span class='ocrx_word' id='word_1_275' title='bbox 1303 2265 1588 2310; x_wconf 86' lang='lat' dir='ltr'>confitendum</span> <span class='ocrx_word' id='word_1_276' title='bbox 1616 2270 1693 2318; x_wconf 87' lang='lat' dir='ltr'>est,</span> 
     </span>
     <span class='ocr_line' id='line_1_32' title="bbox 193 2335 1691 2395; baseline -0.001 -13"><span class='ocrx_word' id='word_1_277' title='bbox 193 2336 399 2395; x_wconf 82' lang='lat' dir='ltr'>quidquid</span> <span class='ocrx_word' id='word_1_278' title='bbox 438 2338 688 2394; x_wconf 78' lang='lat' dir='ltr'>profecerim</span> <span class='ocrx_word' id='word_1_279' title='bbox 732 2337 933 2393; x_wconf 87' lang='lat' dir='ltr'>pusillum</span> <span class='ocrx_word' id='word_1_280' title='bbox 978 2335 1112 2380; x_wconf 86' lang='lat' dir='ltr'>videri</span> <span class='ocrx_word' id='word_1_281' title='bbox 1156 2350 1259 2391; x_wconf 82' lang='lat' dir='ltr'>prae</span> <span class='ocrx_word' id='word_1_282' title='bbox 1302 2350 1351 2378; x_wconf 87' lang='lat' dir='ltr'>eo</span> <span class='ocrx_word' id='word_1_283' title='bbox 1394 2335 1506 2392; x_wconf 91' lang='lat' dir='ltr'>quod</span> <span class='ocrx_word' id='word_1_284' title='bbox 1546 2339 1691 2382; x_wconf 85' lang='lat' dir='ltr'>restat.</span> 
     </span>
     <span class='ocr_line' id='line_1_33' title="bbox 195 2407 1688 2468; baseline -0.001 -13"><span class='ocrx_word' id='word_1_285' title='bbox 195 2410 333 2468; x_wconf 78' lang='lat' dir='ltr'>Atque</span> <span class='ocrx_word' id='word_1_286' title='bbox 354 2410 400 2455; x_wconf 87' lang='lat' dir='ltr'>in</span> <span class='ocrx_word' id='word_1_287' title='bbox 420 2409 569 2455; x_wconf 86' lang='lat' dir='ltr'>eadem</span> <span class='ocrx_word' id='word_1_288' title='bbox 592 2424 725 2467; x_wconf 82' lang='lat' dir='ltr'>paene</span> <span class='ocrx_word' id='word_1_289' title='bbox 745 2409 798 2454; x_wconf 91' lang='lat' dir='ltr'>de</span> <span class='ocrx_word' id='word_1_290' title='bbox 819 2410 1045 2454; x_wconf 74' lang='lat' dir='ltr'>Plutarcho</span> <span class='ocrx_word' id='word_1_291' title='bbox 1065 2407 1187 2453; x_wconf 84' lang='lat' dir='ltr'>video</span> <span class='ocrx_word' id='word_1_292' title='bbox 1215 2422 1305 2452; x_wconf 84' lang='lat' dir='ltr'>esse</span> <span class='ocrx_word' id='word_1_293' title='bbox 1329 2407 1539 2452; x_wconf 85' lang='lat' dir='ltr'>sententia</span> <span class='ocrx_word' id='word_1_294' title='bbox 1560 2407 1688 2454; x_wconf 87' lang='lat' dir='ltr'>Cobe-</span> 
     </span>
     <span class='ocr_line' id='line_1_34' title="bbox 194 2475 1692 2535; baseline -0.003 -12"><span class='ocrx_word' id='word_1_295' title='bbox 194 2484 284 2523; x_wconf 84' lang='lat' dir='ltr'>tum</span> <span class='ocrx_word' id='word_1_296' title='bbox 301 2478 456 2524; x_wconf 77' lang='lat' dir='ltr'>Mnem.</span> <span class='ocrx_word' id='word_1_297' title='bbox 477 2480 583 2523; x_wconf 79' lang='lat'><strong>1862</strong></span> <span class='ocrx_word' id='word_1_298' title='bbox 600 2492 639 2533; x_wconf 86' lang='grc' dir='ltr'>Ρ.</span> <span class='ocrx_word' id='word_1_299' title='bbox 657 2482 750 2529; x_wconf 85' lang='grc'>335,</span> <span class='ocrx_word' id='word_1_300' title='bbox 778 2492 1035 2535; x_wconf 84' lang='lat' dir='ltr'>quamquam</span> <span class='ocrx_word' id='word_1_301' title='bbox 1065 2491 1148 2520; x_wconf 89' lang='lat' dir='ltr'>non</span> <span class='ocrx_word' id='word_1_302' title='bbox 1167 2480 1332 2519; x_wconf 82' lang='lat' dir='ltr'>tantam</span> <span class='ocrx_word' id='word_1_303' title='bbox 1352 2475 1547 2531; x_wconf 89' lang='lat' dir='ltr'>equidem</span> <span class='ocrx_word' id='word_1_304' title='bbox 1568 2475 1692 2520; x_wconf 86' lang='lat' dir='ltr'>huius</span> 
     </span>
     <span class='ocr_line' id='line_1_35' title="bbox 194 2539 1690 2605; baseline -0.003 -12"><span class='ocrx_word' id='word_1_305' title='bbox 194 2548 414 2604; x_wconf 78' lang='lat' dir='ltr'>scriptoris</span> <span class='ocrx_word' id='word_1_306' title='bbox 446 2549 491 2591; x_wconf 91' lang='lat' dir='ltr'>in</span> <span class='ocrx_word' id='word_1_307' title='bbox 521 2548 588 2591; x_wconf 85' lang='lat' dir='ltr'>his</span> <span class='ocrx_word' id='word_1_308' title='bbox 616 2549 742 2593; x_wconf 87' lang='lat' dir='ltr'>rebus</span> <span class='ocrx_word' id='word_1_309' title='bbox 770 2539 1116 2605; x_wconf 78' lang='lat' dir='ltr'>aequabilitatem</span> <span class='ocrx_word' id='word_1_310' title='bbox 1157 2547 1282 2590; x_wconf 82' lang='lat' dir='ltr'>fuisse</span> <span class='ocrx_word' id='word_1_311' title='bbox 1326 2545 1601 2597; x_wconf 81' lang='lat' dir='ltr'>crediderim,</span> <span class='ocrx_word' id='word_1_312' title='bbox 1642 2550 1690 2590; x_wconf 87' lang='lat' dir='ltr'>ut</span> 
     </span>
    </p>
   </div>
   <div class='ocr_carea' id='block_1_7' title="bbox 125 2616 1687 2676">
    <p class='ocr_par' dir='ltr' id='par_1_7' title="bbox 125 2616 1687 2676">
     <span class='ocr_line' id='line_1_36' title="bbox 125 2616 1687 2676; baseline -0.001 -13"><span class='ocrx_word' id='word_1_313' title='bbox 125 2669 131 2676; x_wconf 38' lang='grc'>,</span> <span class='ocrx_word' id='word_1_314' title='bbox 195 2619 432 2675; x_wconf 83' lang='lat' dir='ltr'>ubicunque</span> <span class='ocrx_word' id='word_1_315' title='bbox 447 2619 630 2662; x_wconf 80' lang='lat' dir='ltr'>severior</span> <span class='ocrx_word' id='word_1_316' title='bbox 640 2619 874 2663; x_wconf 79' lang='lat' dir='ltr'>Atticorum</span> <span class='ocrx_word' id='word_1_317' title='bbox 895 2633 1042 2663; x_wconf 88' lang='lat' dir='ltr'>norma</span> <span class='ocrx_word' id='word_1_318' title='bbox 1061 2617 1214 2661; x_wconf 74' lang='lat' dir='ltr'>cra-sim</span> <span class='ocrx_word' id='word_1_319' title='bbox 1230 2617 1295 2661; x_wconf 77' lang='lat' dir='ltr'>vel</span> <span class='ocrx_word' id='word_1_320' title='bbox 1316 2617 1445 2661; x_wconf 84' lang='lat' dir='ltr'>etiam</span> <span class='ocrx_word' id='word_1_321' title='bbox 1464 2616 1687 2662; x_wconf 75' lang='lat' dir='ltr'>diaeresim</span> 
     </span>
    </p>
   </div>
   <div class='ocr_carea' id='block_1_8' title="bbox 0 2206 44 3314">
    <p class='ocr_par' dir='ltr' id='par_1_8' title="bbox 0 2206 44 3314">
     <span class='ocr_line' id='line_1_37' title="bbox 0 2206 44 3314; baseline 0 0"><span class='ocrx_word' id='word_1_322' title='bbox 0 2206 44 3314; x_wconf 95' lang='lat' dir='ltr'> </span> 
     </span>
    </p>
   </div>
   <div class='ocr_carea' id='block_1_9' title="bbox 195 2682 1690 2817">
    <p class='ocr_par' dir='ltr' id='par_1_9' title="bbox 195 2682 1690 2817">
     <span class='ocr_line' id='line_1_38' title="bbox 195 2682 1690 2747; baseline -0.001 -14"><span class='ocrx_word' id='word_1_323' title='bbox 195 2689 391 2747; x_wconf 80' lang='lat' dir='ltr'>postulat,</span> <span class='ocrx_word' id='word_1_324' title='bbox 419 2693 715 2745; x_wconf 77' lang='lat' dir='ltr'>praeterquam</span> <span class='ocrx_word' id='word_1_325' title='bbox 744 2690 789 2733; x_wconf 92' lang='lat' dir='ltr'>in</span> <span class='ocrx_word' id='word_1_326' title='bbox 808 2689 903 2734; x_wconf 83' lang='lat' dir='ltr'>fixis</span> <span class='ocrx_word' id='word_1_327' title='bbox 929 2689 1057 2734; x_wconf 85' lang='lat' dir='ltr'>veluti</span> <span class='ocrx_word' id='word_1_328' title='bbox 1088 2689 1131 2731; x_wconf 89' lang='lat' dir='ltr'>in</span> <span class='ocrx_word' id='word_1_329' title='bbox 1162 2687 1298 2740; x_wconf 78' lang='grc' dir='ltr'><strong><em>καλὸς</em></strong></span> <span class='ocrx_word' id='word_1_330' title='bbox 1327 2682 1544 2744; x_wconf 66' lang='grc' dir='ltr'>κάγαθός,</span> <span class='ocrx_word' id='word_1_331' title='bbox 1573 2692 1690 2734; x_wconf 89' lang='lat' dir='ltr'>certo</span> 
     </span>
     <span class='ocr_line' id='line_1_39' title="bbox 196 2756 1688 2817; baseline -0.004 -11"><span class='ocrx_word' id='word_1_332' title='bbox 196 2773 362 2816; x_wconf 77' lang='lat' dir='ltr'>semper</span> <span class='ocrx_word' id='word_1_333' title='bbox 387 2758 556 2804; x_wconf 76' lang='lat' dir='ltr'>foedere</span> <span class='ocrx_word' id='word_1_334' title='bbox 595 2760 765 2811; x_wconf 81' lang='lat' dir='ltr'>iunctis,</span> <span class='ocrx_word' id='word_1_335' title='bbox 796 2774 1004 2817; x_wconf 75' lang='lat' dir='ltr'>nusquam</span> <span class='ocrx_word' id='word_1_336' title='bbox 1033 2757 1299 2814; x_wconf 81' lang='lat' dir='ltr'>usurpaverit</span> <span class='ocrx_word' id='word_1_337' title='bbox 1337 2756 1493 2801; x_wconf 77' lang='lat' dir='ltr'>formas</span> <span class='ocrx_word' id='word_1_338' title='bbox 1520 2756 1688 2802; x_wconf 86' lang='lat' dir='ltr'>solutas.</span> 
     </span>
    </p>
   </div>
   <div class='ocr_carea' id='block_1_10' title="bbox 195 2825 1691 2954">
    <p class='ocr_par' dir='ltr' id='par_1_10' title="bbox 195 2825 1691 2954">
     <span class='ocr_line' id='line_1_40' title="bbox 199 2825 1690 2882; baseline -0.003 -8"><span class='ocrx_word' id='word_1_339' title='bbox 199 2828 370 2874; x_wconf 79' lang='lat' dir='ltr'>Habent</span> <span class='ocrx_word' id='word_1_340' title='bbox 406 2827 519 2871; x_wconf 92' lang='lat' dir='ltr'>enim</span> <span class='ocrx_word' id='word_1_341' title='bbox 563 2826 688 2871; x_wconf 88' lang='lat' dir='ltr'>huius</span> <span class='ocrx_word' id='word_1_342' title='bbox 731 2833 923 2873; x_wconf 81' lang='lat' dir='ltr'>monetae</span> <span class='ocrx_word' id='word_1_343' title='bbox 966 2827 1191 2882; x_wconf 83' lang='lat' dir='ltr'>scriptores</span> <span class='ocrx_word' id='word_1_344' title='bbox 1230 2825 1446 2882; x_wconf 87' lang='lat' dir='ltr'>propriam</span> <span class='ocrx_word' id='word_1_345' title='bbox 1486 2839 1607 2871; x_wconf 89' lang='lat' dir='ltr'>suam</span> <span class='ocrx_word' id='word_1_346' title='bbox 1646 2826 1690 2870; x_wconf 91' lang='lat' dir='ltr'>in</span> 
     </span>
     <span class='ocr_line' id='line_1_41' title="bbox 195 2893 1691 2954; baseline -0.001 -14"><span class='ocrx_word' id='word_1_347' title='bbox 195 2894 448 2954; x_wconf 85' lang='lat' dir='ltr'>quibusdam</span> <span class='ocrx_word' id='word_1_348' title='bbox 467 2894 593 2940; x_wconf 85' lang='lat' dir='ltr'>rebus</span> <span class='ocrx_word' id='word_1_349' title='bbox 619 2895 943 2941; x_wconf 82' lang='lat' dir='ltr'>inconstantiam</span> <span class='ocrx_word' id='word_1_350' title='bbox 962 2900 1007 2940; x_wconf 83' lang='lat' dir='ltr'>et</span> <span class='ocrx_word' id='word_1_351' title='bbox 1033 2907 1117 2952; x_wconf 88' lang='lat' dir='ltr'>quo</span> <span class='ocrx_word' id='word_1_352' title='bbox 1143 2893 1399 2939; x_wconf 84' lang='lat' dir='ltr'>recentiores</span> <span class='ocrx_word' id='word_1_353' title='bbox 1425 2897 1543 2946; x_wconf 84' lang='lat' dir='ltr'>sunt,</span> <span class='ocrx_word' id='word_1_354' title='bbox 1572 2897 1691 2938; x_wconf 76' lang='lat' dir='ltr'>tanto</span> 
     </span>
    </p>
   </div>
  </div>
 </body>
</html>
