1962 3314
912 148 1192 189 -90-

416 259 534 302 Alter
552 259 666 302 locus
686 262 750 302 est
769 258 822 302 de
841 258 983 302 Cassio
1001 258 1190 314 Longino
1210 257 1282 309 IX,
1308 262 1342 310 1,
1366 261 1390 302 3
1409 270 1449 311 p.
1463 255 1584 301 737b
1611 248 1798 308 Κασσίω

301 327 350 371 δὲ
378 325 585 384 Λογγίνῳ
615 318 748 384 λόγου
779 325 1116 386 προσπεσόντος
1154 320 1418 377 ἀδεσπότου,
1460 322 1535 366 τὸν
1577 318 1671 364 υιὸν
1708 317 1787 362 ἐπὶ

302 395 425 452 ξένης
462 392 677 438 τεθνάναι
717 395 811 439 καὶ
849 394 909 438 τὸ
940 392 1155 451 ἀληθὲς
1194 391 1427 448 ἔχοντος
1466 389 1656 436 εἰπεῖν
1697 384 1802 431 οὐδὲ

302 461 470 509 ἅνελεῖν
489 465 538 508 τὸ
560 464 775 519 ὕποπτον,
796 464 1010 510 εἶσελθων
1036 462 1318 521 συγκλητικὸς
1349 459 1456 523 ἇνήρ
1478 462 1567 505 κτλ.
1618 459 1686 503 Ita
1697 459 1803 502 haec

303 534 432 578 verba
459 534 505 576 in
533 534 708 577 vetustis
737 534 992 577 editionibus
1017 533 1224 588 leguntur,
1254 546 1281 574 a
1308 531 1460 586 quibus
1490 529 1654 572 codices
1683 524 1803 576 nihil,

303 602 414 657 quod
435 601 491 644 ad
510 616 599 644 rem
614 602 835 656 pertineat,
852 601 1090 645 deflectunt.
1122 601 1236 651 Quae
1258 613 1353 642 cum
1371 602 1518 654 aperte
1537 597 1688 640 vitiosa
1707 596 1801 642 sint,

303 670 484 714 editores
515 672 711 713 certatim
742 671 880 714 locum
914 670 1215 725 suspitionibus
1243 671 1520 723 temptarunt,
1553 682 1606 711 ex
1647 666 1800 722 quibus

302 739 498 783 Reiskius
515 740 695 783 coniecit
716 739 789 784 καὶ
809 737 984 791 οὐδενὸς
1006 736 1108 783 οὐδὲ
1126 734 1322 795 τάληθὲς
1341 735 1528 792 ἔχοντος,
1547 736 1797 793 Wyttenba-

302 809 420 851 chius
444 807 518 851 καὶ
546 806 595 851 τὸ
621 804 790 866 ἀληθὲς
817 805 895 852 οὐκ
918 806 1059 863 ἔχοντι
1080 804 1220 866 εὑρεῖν
1241 807 1308 852 vel
1332 805 1464 857 ἑλεῖν,
1497 806 1610 862 quod
1627 809 1801 861 propter

303 875 465 919 hiatum
492 875 776 918 reiectaneum
804 879 884 927 est,
914 875 1162 919 Benselerus
1191 874 1266 920 καὶ
1292 872 1489 934 τάληθὲς
1510 872 1603 920 οὐδ’
1625 873 1800 929 ἔχοντος

308 943 460 989 εἰπεῖν.
529 946 648 989 Licet
676 946 878 1004 quidnam
907 946 1058 989 horum
1087 948 1353 990 conaminum
1380 947 1710 1002 praeoptaveris,
1747 945 1802 988 ad

303 1015 554 1058 sententiam
595 1030 679 1057 non
717 1015 898 1058 multum
931 1016 1117 1068 intersit,
1156 1020 1300 1060 tamen
1336 1031 1414 1060 nec
1443 1016 1588 1060 Reiski
1625 1015 1800 1071 suspitio

302 1090 472 1140 praeter
511 1086 803 1129 necessitatem
844 1087 1047 1141 conplura
1086 1088 1300 1131 turbantis
1338 1088 1543 1131 satisfacit
1571 1091 1615 1132 et
1644 1088 1797 1131 Bense-
1862 1135 1871 1143 ,

301 1156 382 1198 leri
425 1156 627 1198 correctio
673 1156 753 1198 hoc
798 1156 1108 1200 incommodum
1157 1158 1287 1202 habet
1330 1159 1637 1214 gravissimum,
1687 1156 1801 1214 quod

303 1227 599 1279 praeterquam
629 1225 760 1279 quod,
799 1240 982 1280 quonam
1010 1241 1119 1270 casu·
1148 1227 1413 1272 interciderit
1432 1229 1636 1285 negatio,
1671 1231 1720 1271 ut
1754 1227 1802 1270 in

303 1298 538 1337 ceterorum
565 1295 832 1347 coniecturis,
863 1296 1075 1339 incassum
1108 1298 1276 1352 quaeris
1305 1312 1390 1340 non
1412 1298 1513 1341 satis
1545 1297 1800 1352 perspicitur

302 1379 384 1419 quo
417 1364 685 1407 referendum
715 1365 770 1407 sit
798 1362 985 1418 ἔχοντος.
1059 1365 1334 1410 Scribendum
1370 1370 1434 1410 est
1461 1370 1603 1410 autem
1632 1366 1797 1422 elegan-

301 1435 463 1477 tissima
492 1438 535 1477 et
558 1435 779 1489 aptissima
810 1436 1012 1479 orationis
1041 1437 1176 1480 forma
1205 1435 1279 1479 καὶ
1307 1436 1367 1479 τὸ
1407 1433 1670 1494 ἅληθὲςἺ
1701 1431 1800 1479 οὐκ

304 1496 430 1544 {imo
445 1517 466 1552 ς
496 1498 637 1544 εἰπεῖν
669 1498 771 1546 οὐδὲ
802 1499 970 1547 ἀνελεῖν
990 1503 1040 1548 τὸ
1067 1502 1274 1548 ὕποπτον
1297 1506 1323 1548 i.
1343 1521 1378 1549 e.
1401 1521 1487 1549 cum
1510 1522 1616 1550 nemo
1640 1508 1797 1558 adesset,

303 1576 373 1626 qui
399 1574 445 1614 de
475 1575 593 1614 morte
609 1573 700 1626 filii
726 1588 857 1615 verum
883 1576 988 1629 loqui
1013 1579 1082 1617 aut
1104 1579 1355 1630 suspitionem
1377 1578 1526 1620 diluere
1546 1579 1703 1620 auderet
1720 1566 1797 1620 e'te.

416 1639 543 1682 Libro
572 1639 656 1690 IX,
691 1643 759 1692 13,
791 1644 815 1684 3
845 1655 885 1695 Ρ.
919 1638 1038 1686 743b
1068 1644 1113 1685 in
1142 1644 1280 1687 verbis
1310 1639 1402 1686 οὐδ’
1431 1639 1670 1701 ἢμνημόνει
1695 1646 1798 1687 τῶν

304 1702 387 1749 ὑπ’
430 1701 606 1750 αὐτοῦ
645 1706 964 1766 εἰρημένων
991 1711 1254 1764 supersederi
1298 1712 1633 1766 transpositione,
1672 1726 1799 1768 quam

308 1776 671 1819 commendaverat
697 1778 963 1830 Benselerus,
992 1794 1113 1834 posse
1143 1781 1342 1832 arbitror,
1370 1796 1465 1824 cum
1497 1784 1647 1835 reputo
1674 1782 1721 1823 in
1749 1796 1799 1824 ea

306 1847 540 1891 scribarum
580 1846 848 1891 festinatione
889 1849 1024 1903 qualis
1069 1853 1133 1893 est
1170 1850 1215 1892 in
1258 1851 1325 1892 his
1366 1850 1505 1902 libris,
1548 1865 1675 1905 quam
1715 1848 1809 1894 alia

305 1928 469 1970 quoque
507 1914 700 1968 exempla
741 1918 807 1957 sat
844 1916 979 1958 multa
1016 1916 1218 1971 produnt,
1259 1917 1372 1960 haud
1410 1916 1657 1960 incredibile
1697 1931 1797 1969 esse,

305 1987 353 2025 ut
391 1999 418 2026 a
453 1983 677 2025 Plutarcho
716 1983 772 2025 sit
802 1985 888 2025 τῶν
921 1979 995 2027 ὑπ’
1042 1980 1178 2027 αὐτοῦ
1214 1984 1608 2043 διειρημένων.
1684 1985 1793 2028 Item

305 2054 411 2097 mihi
440 2053 614 2107 suspitio
642 2057 705 2096 est
729 2068 806 2108 pro
829 2054 943 2097 hisce
973 2055 1046 2106 IX,
1073 2059 1134 2107 13,
1160 2061 1178 2098 1
1211 2070 1250 2110 p.
1274 2059 1393 2100 742a
1424 2056 1517 2106 πῶς
1549 2048 1795 2111 οὗν,”]ἔφην,

306 2122 382 2179 τὴν
414 2120 537 2177 δίκην
567 2119 728 2179 ταύτην
757 2120 973 2166 ἰθύντατα
1004 2120 1166 2167 εἴποι
1195 2123 1269 2167 καὶ
1297 2121 1539 2181 διαιτήσειε
1564 2123 1641 2181 τὴν
1671 2120 1795 2168 ἅντι-

306 2188 464 2245 νομίαν
495 2191 834 2235 substituendum
862 2207 951 2235 esse
984 2194 1078 2244 πῶς
1109 2187 1197 2245 οὗν,
1229 2191 1353 2251 ἔφην,
1387 2191 1463 2251 τὴν
1492 2190 1616 2251 δίκην
1635 2192 1798 2251 ταύτην

306 2255 520 2300 ἰθύντατα
563 2257 790 2302 διείποι
828 2276 914 2311 τις
951 2260 1024 2303 καὶ
1064 2258 1351 2318 διαιτήσειεν,
1388 2261 1434 2303 in
1469 2261 1620 2316 quibus
1667 2276 1735 2313 τις
1771 2275 1799 2305 a

306 2328 547 2380 Meziriaco,
584 2329 657 2384 qui
695 2333 916 2383 praeterea
944 2331 1058 2374 haud
1096 2332 1240 2385 inepte
1279 2331 1544 2386 proponebat
1581 2331 1795 2385 διέποι,

306 2402 552 2452 occupatum
590 2398 721 2441 video.
779 2399 866 2442 Nec
905 2399 1184 2443 dubitandum
1221 2400 1323 2455 quin
1365 2399 1511 2442 eadem
1549 2399 1799 2443 emendandi

307 2468 375 2511 via
404 2467 679 2523 ingredienda
707 2469 762 2510 sit
788 2468 860 2520 VI,
893 2474 928 2520 7,
964 2474 979 2512 1
1011 2483 1050 2523 p.
1082 2472 1201 2513 6920
1247 2467 1322 2511 καὶ
1351 2467 1423 2511 τὸν
1454 2462 1572 2511 οἶνον
1603 2463 1682 2511 οὗκ
1709 2465 1797 2525 ἔφη

311 2536 400 2578 δεῖν
440 2534 669 2592 ἐγχεῖσθαι
708 2531 1016 2593 ἦθημένον,
1057 2536 1132 2579 ubi
1161 2550 1256 2579 cum
1282 2536 1509 2579 Benselero
1549 2536 1796 2591 quantocius

309 2606 573 2649 scribendum
626 2607 1002 2663 διηθημένον.,
1059 2607 1173 2657 Quae
1217 2605 1386 2661 quidem
1428 2607 1661 2650 scribarum
1696 2606 1797 2650 faci-

308 2688 412 2716 nora
440 2674 494 2716 ad
526 2674 632 2716 illud
657 2675 994 2729 interpolationis
1023 2689 1154 2731 genus
1180 2675 1417 2729 pertinent,
1451 2690 1544 2731 quo,
1574 2674 1798 2719 accedente

399 2856 434 2899 *)
467 2856 517 2891 Τὸ
545 2857 676 2902 ἀληθές
701 2861 823 2894 retinui
847 2866 986 2905 propter
1011 2860 1094 2896 Mor.
1118 2871 1151 2905 p.
1177 2860 1242 2895 229
1262 2871 1290 2895 a.
1328 2861 1393 2895 942
1412 2871 1441 2894 e.
1482 2861 1568 2896 1000
1587 2860 1620 2895 d.
1664 2860 1797 2896 1021a.

313 2917 434 2952 1023r.
474 2918 556 2951 1031
572 2918 604 2950 d.
640 2920 764 2953 10470.
804 2921 888 2954 1055
902 2922 924 2955 s.
