1962 3314
870 177 1151 219 „12-

267 286 458 339 Μνειάις
486 289 665 332 relatum
694 290 758 341 sit,
784 304 1039 347 magnopere
1066 288 1293 332 verendum
1321 290 1393 338 est,
1423 301 1475 330 ne
1509 284 1631 341 quale
1661 297 1750 326 esse

265 357 396 411 possit
423 372 575 401 nomen
603 358 686 401 loci
723 359 768 400 in
797 363 1014 404 aeternum
1043 358 1192 408 lateat,
1236 356 1319 399 nisi
1353 370 1451 398 casu
1479 353 1660 410 quodam
1686 351 1752 394 vel

266 427 379 469 tituli
408 428 583 470 alicuius
622 427 777 471 iudicio
806 444 829 471 e
858 428 1031 482 latebris
1070 429 1329 480 protractum
1358 424 1496 467 fuerit.
1555 421 1662 472 Nec,
1693 420 1746 463 si-

265 497 357 552 quis
395 496 502 539 forte
542 498 645 540 haec
684 501 829 552 utpote
873 513 898 540 a
937 497 1023 539 solo
1064 495 1288 538 Plutarcho
1328 493 1486 536 tradita
1526 494 1749 546 suspectat,

267 563 418 605 desunt
450 565 639 618 exempla
684 565 864 608 aliorum
899 566 1168 619 scriptorum,
1207 563 1438 617 peculiaria
1466 561 1673 617 quaedam
1700 560 1752 604 de

268 634 481 676 Musarum
509 649 682 678 numero
712 650 936 691 earumque
976 635 1112 678 officio
1152 636 1386 677 commenta
1423 631 1753 676 memorantium.

268 701 344 753 Ita,
370 706 418 745 ut
442 703 521 746 hoc
550 708 655 756 utar,
683 706 806 748 unius
837 705 1031 757 Cornuti,
1070 719 1194 760 quem
1224 718 1322 746 sane
1354 706 1397 746 et
1424 702 1528 745 alias
1557 701 1755 744 novitatis

269 775 450 828 speciem
477 779 666 830 captasse
694 778 944 831 reperimus,
976 777 1125 819 nititur
1154 774 1414 825 testimonio,
1455 772 1558 816 duas
1590 775 1755 814 tantum

269 844 382 898 apud
411 845 613 899 quosdam
641 846 819 889 inveniri
845 847 1003 897 Musas,
1044 845 1194 900 quibus
1230 859 1256 886 a
1296 841 1596 886 considerando
1625 838 1779 884 effici-¹

250 913 459 969 vendoque
496 914 675 958 Theoria
712 919 754 958 et
781 916 927 958 Praxis
962 915 1133 957 nomina
1161 914 1298 956 indita
1326 913 1493 956 fuerint.
1552 911 1755 965 Itemque,

271 984 319 1022 ut
345 981 390 1022 in
419 981 643 1024 Plutarcho
687 998 754 1026 me
794 984 1049 1033 contineam,
1089 981 1201 1037 quod
1226 981 1357 1044 trium
1385 980 1600 1022 Musarum
1631 992 1760 1021 unam

272 1051 384 1104 apud
413 1050 625 1107 Sicyonios
652 1051 782 1094 refert
803 1052 1058 1106 adpellatam
1075 1066 1164 1095 esse
1185 1049 1505 1106 Polymathiam,
1536 1047 1649 1091 haud
1674 1046 1759 1089 scio

274 1135 327 1163 an
348 1121 465 1163 nulla
483 1122 591 1164 alius
608 1122 823 1175 scriptoris
847 1122 1066 1164 adiuvetur
1094 1120 1186 1163 fide.
1247 1120 1305 1162 Ac
1331 1118 1526 1161 similiter
1547 1115 1755 1160 desidera-

271 1197 342 1235 tur
371 1193 508 1236 adhuc
537 1194 740 1236 indicium
768 1195 874 1237 alius
900 1196 1092 1245 auctoris,
1119 1207 1201 1248 quo
1227 1193 1318 1234 iure
1347 1189 1594 1234 Plutarchus
1619 1188 1761 1231 Musas

272 1261 427 1313 Neten,
458 1263 618 1313 Mesen,
649 1263 845 1318 Hypaten
884 1277 910 1305 a
935 1262 1112 1316 Delphis
1150 1261 1203 1304 ad
1238 1264 1325 1303 tres
1364 1259 1564 1314 sphaeras
1600 1256 1757 1313 signifi-

277 1330 430 1372 candas
459 1330 686 1372 translatas
725 1345 814 1373 esse
843 1345 927 1373 non
967 1331 1056 1373 sine
1086 1328 1354 1373 obscuritatis
1381 1326 1563 1383 quadam
1592 1326 1758 1369 affecta-

276 1400 388 1442 tione
418 1399 663 1452 tradiderit,
693 1400 805 1454 quod
835 1414 917 1455 quo
937 1403 1125 1454 tempore
1143 1413 1222 1442 usu
1242 1398 1403 1441 venerit
1424 1410 1613 1452 quaeque
1633 1394 1763 1437 trium

277 1466 428 1508 harum
456 1466 671 1509 Musarum
699 1467 855 1510 fuerint
892 1467 1077 1518 nomina,
1120 1481 1204 1509 non
1243 1465 1376 1521 magis
1405 1466 1664 1518 compertum
1691 1464 1765 1513 est,

275 1552 401 1593 quam
428 1537 541 1592 quod
569 1537 682 1580 idem
713 1538 824 1580 solus
844 1538 1102 1589 Plutarchus,
1130 1551 1206 1592 pro
1232 1537 1368 1580 tribus
1398 1534 1629 1588 disciplinis
1657 1532 1760 1576 libe-

277 1605 437 1648 ralibus
487 1605 797 1659 philosophiae,
847 1605 1072 1655 oratoriae,
1110 1604 1366 1653 matheseos,
1406 1601 1637 1656 antiquitus
1675 1602 1763 1641 tres

280 1671 420 1713 Musas
447 1671 694 1713 substitutas
722 1671 847 1714 fuisse
877 1671 1005 1722 dixit,
1038 1686 1145 1726 quae
1184 1685 1328 1714 recens
1368 1669 1467 1712 ficta
1499 1669 1584 1711 sint
1610 1682 1665 1710 an
1691 1681 1759 1710 ve-

278 1740 367 1779 tere
390 1736 571 1791 quadam
600 1737 713 1780 fama
740 1738 909 1791 prodita
937 1753 1021 1781 non
1049 1738 1172 1781 facile
1202 1738 1422 1793 quisquam
1449 1751 1526 1791 pro
1553 1738 1766 1790 comperto

282 1807 446 1850 dixerit.
503 1808 592 1859 Quo
621 1808 755 1863 magis
785 1807 959 1851 inducor
986 1808 1040 1851 ad
1067 1808 1330 1858 credendum,
1359 1806 1544 1862 singulas
1562 1805 1765 1849 Graeciae

282 1879 425 1929 urbes,
456 1881 504 1920 ut
540 1877 592 1920 de
624 1878 719 1920 aliis
762 1871 843 1921 diis
881 1878 1137 1933 deabusque,
1174 1879 1235 1920 ita
1275 1877 1327 1920 de
1365 1876 1497 1919 Musis
1534 1875 1767 1937 peculiares

282 1947 484 2002 quasdam
501 1961 550 1989 ac
570 1947 764 2001 proprias
786 1962 881 1990 suas
897 1948 1093 1991 habuisse
1113 1948 1304 1991 notiones
1326 1946 1521 2004 (Creuzer
1548 1945 1686 2001 Symb.
1698 1943 1765 1987 111

283 2030 322 2069 p.
352 2016 462 2070 295).
520 2015 616 2058 Alia
644 2015 823 2058 aliorum
849 2016 1098 2070 peculiaria,
1127 2020 1175 2059 ut
1202 2016 1256 2059 ad
1285 2030 1375 2059 rem
1399 2017 1664 2069 praesentem
1691 2027 1762 2067 pa-

281 2102 375 2129 rum
395 2087 639 2138 necessaria,
669 2087 803 2129 sciens
833 2087 982 2129 omitto
1011 2087 1063 2130 ob
1093 2087 1320 2130 sublestam
1338 2089 1554 2129 auctorum
1577 2083 1704 2127 fidem
1712 2084 1766 2140 ²⁸).

280 2158 398 2209 Quae
430 2171 524 2199 cum
550 2157 612 2199 ita
640 2157 739 2208 sint,
769 2157 803 2199 si
833 2157 1035 2210 sapimus,
1065 2156 1272 2212 fateamur
1299 2169 1467 2198 necesse
1498 2158 1578 2205 est,
1606 2153 1768 2196 nescire

284 2239 359 2267 nos
396 2225 611 2267 Musarum
658 2239 766 2279 quae
804 2224 1001 2267 dicuntur
1040 2227 1209 2266 Μνεῖαι
1249 2223 1387 2274 sedes,
1440 2223 1556 2265 cuius
1598 2221 1768 2277 quidem

285 2294 546 2349 ignorantiae
582 2294 687 2335 illud
728 2294 1010 2349 gratissimum
1048 2293 1129 2336 erit
1167 2294 1384 2344 solacium,
1427 2293 1564 2347 ipsum
1592 2293 1768 2335 fortasse

287 2362 565 2414 Plutarchum,
591 2363 780 2418 quamvis
802 2377 877 2405 sua
894 2377 1018 2417 saepe
1045 2378 1096 2406 ex
1114 2363 1285 2406 remotis
1313 2363 1649 2418 oblitteratisque
1676 2362 1764 2405 fon-

287 2433 399 2475 tibus
428 2433 700 2486 haurientem,
728 2448 813 2476 non
841 2433 971 2476 multo
1001 2433 1122 2476 nobis
1150 2433 1195 2475 in
1228 2433 1294 2476 his
1322 2433 1446 2476 rebus
1475 2433 1601 2476 fuisse
1630 2432 1766 2476 erudi-

287 2503 438 2545 tiorem
466 2503 532 2546 vel
570 2504 801 2558 quemlibet
836 2517 965 2546 unum
993 2518 1016 2547 e
1045 2517 1169 2559 grege
1206 2518 1368 2554 eorum,
1407 2504 1479 2558 qui
1513 2503 1583 2546 hic
1619 2518 1772 2547 nomen

286 2570 366 2612 loci
409 2570 630 2613 undeunde
674 2572 881 2615 extricare
920 2575 1241 2626 temptaverunt.
1319 2572 1458 2623 Quare
1496 2587 1548 2615 110
1591 2572 1767 2628 Amyoto

381 2750 416 2790 *i
442 2753 612 2786 Adcurate
637 2754 681 2786 de
707 2753 762 2788 his
789 2753 1030 2796 similibusque
1054 2752 1386 2798 Mythographorum
1419 2753 1464 2786 de
1495 2752 1668 2787 Musarum
1694 2751 1769 2786 offi-

288 2812 352 2844 ciis
379 2820 566 2853 earumque
598 2822 742 2846 numero
777 2813 939 2846 disseruit
963 2812 1126 2846 Peter-sen
1158 2811 1224 2850 (Fr.
1253 2811 1363 2854 Chr),
1402 2812 1447 2844 de
1472 2811 1649 2845 Musarum
1677 2810 1770 2853 apud

290 2869 440 2903 Graecos
466 2869 615 2912 origine,
643 2881 785 2905 numero
811 2870 1080 2913 nominibusque
1113 2869 1287 2911 (Μῦιιῒετ,
1318 2870 1541 2904 Miscellanea
1571 2869 1772 2903 Haruiensia

290 2927 300 2958 Ι
325 2935 359 2968 p.
381 2927 423 2959 86
448 2928 537 2967 sqq.)
856 2934 859 2937 ’
