1962 3314
928 151 1209 193 -46-

322 256 629 300 emendandum
681 255 770 298 dixi
812 254 995 316 ὥσπερ
1044 256 1353 315 σαρώματα
1395 260 1450 304 ἐν
1490 258 1664 320 οἰκίᾳ,
1705 262 1824 306 ouius

321 325 627 370 emendationis
661 339 728 368 me
756 325 933 380 posthac
969 327 1225 380 paenituisse
1267 329 1460 384 (Quaest.
1487 330 1594 375 Plut.
1623 331 1667 374 11
1695 346 1735 386 p.
1765 332 1822 390 6)

322 396 447 438 hodie
492 396 562 438 vix
610 395 716 438 mihi
762 395 998 439 condonare
1040 410 1220 450 possum.
1297 398 1451 442 Verum
1489 400 1612 443 huius
1651 401 1822 456 quidem

324 479 488 507 maer01
490 465 526 506 is
556 464 827 508 utilissimum
857 469 946 508 esto
971 466 1172 509 solacium
1201 468 1386 522 priscum
1415 470 1558 512 illud
1546 470 1820 529 γηράσκο-

319 550 417 589 μεν
458 531 570 576 αἰεὶ
611 533 803 577 πολλὰ
841 533 1277 588 ὁιδασκομενοι,
1327 537 1439 592 quod
1477 552 1549 594 qm
1582 553 1650 581 me
1689 540 1822 595 magis

320 603 553 648 admiretur
580 604 744 659 sibique
773 605 855 659 ipsi
881 605 1084 658 scriptum
1114 605 1440 663 dictitatumque
1470 609 1669 663 opinetur
1698 623 1821 653 nemo

320 681 394 720 est.
450 677 614 732 Quippe
658 675 872 736 σάρωμα,
911 679 1208 721 convenienter
1244 680 1402 736 regulis
1433 680 1655 724 formatum
1668 715 1677 733 ,
1718 682 1820 724 satis

320 749 515 789 tutantur
543 750 587 789 et
610 745 777 790 erudita
805 747 1070 802 grammatici
1086 746 1270 791 Bekkeri
1303 747 1440 803 glossa
1467 752 1511 792 et
1538 750 1628 803 ipse
1660 750 1819 804 opinor,

319 816 526 871 siquidem
573 819 686 859 recte
743 815 988 859 emendatus
1037 820 1119 869 est,
1159 817 1396 860 Aristotelis
1436 819 1572 872 locus3
1616 835 1664 863 ac
1714 819 1823 863 nihil

321 901 494 941 prorsus
523 890 589 930 est
618 887 664 929 in
687 887 893 930 vocalium
921 901 1125 930 concursu
1149 888 1260 940 vitii,
1289 889 1411 943 quod,
1439 893 1488 931 ut
1505 889 1554 932 fit
1579 890 1692 933 inter
1720 891 1825 934 duas

320 954 467 998 breves
496 954 621 998 facile
653 954 954 1006 coalescentes,
995 956 1308 1009 pronuntiando
1349 961 1630 1011 conpensatur
1664 959 1817 1013 plenis·

319 1024 435 1069 sime.
504 1024 699 1067 Advertit
749 1024 830 1066 hoc
874 1023 1121 1067 Eduardum
1173 1025 1374 1068 Rasmum
1416 1026 1819 1080 Francofurtensem‚

322 1095 438 1136 cuius
467 1094 661 1149 perutilis
702 1093 754 1136 de
784 1093 947 1148 aliquot
985 1094 1139 1136 horum
1166 1094 1370 1137 librorum
1400 1094 1503 1137 locis
1534 1099 1650 1139 extat
1677 1095 1820 1151 dispu-

317 1167 423 1209 tatio
454 1167 568 1209 edita
584 1165 853 1208 Francosurti
881 1180 944 1208 ao.
970 1168 1087 1217 1863,
1118 1170 1166 1208 ut
1182 1180 1261 1220 pro
1279 1181 1338 1218 eo,
1369 1166 1481 1222 quod
1516 1181 1593 1223 ego
1622 1168 1666 1210 111
1686 1168 1821 1211 altera

318 1237 468 1280 harum
485 1237 778 1292 quaestionum
804 1237 1015 1290 particula
1040 1238 1231 1293 argutius
1258 1252 1385 1292 quam
1405 1238 1544 1281 verius
1559 1239 1823 1293 periclitatus

311 1316 433 1348 'eram
468 1301 530 1356 ὥς
561 1302 978 1363 περισσεύματα
1010 1303 1258 1363 κοιλίᾳ*)
1297 1308 1361 1363 τῇ
1391 1308 1540 1364 ψυχῇ
1568 1308 1646 1349 ’τοῦ
1676 1322 1823 1365 σοφου

316 1375 372 1419 τὰ
398 1377 474 1434 τῆς
500 1372 660 1433 ἡδονῆς
691 1374 968 1430 ἐκκλύσματα
1008 1375 1155 1429 μένειν
1186 1375 1341 1427 ἐῶντες
1386 1377 1496 1428 κτλ.,
1542 1377 1726 1421 scribere
1756 1378 1817 1421 in-

316 1447 511 1490 stitueret
547 1443 700 1503 ιῖίσπερ
730 1443 990 1503 σύρματα
1023 1445 1069 1488 ἐν
1099 1443 1219 1504 οἰκίᾳ
1248 1448 1301 1504 τῇ
1331 1448 1464 1506 ψυχῇ,
1493 1446 1606 1502 quod
1634 1449 1823 1503 quamvis

318 1532 395 1572 per
425 1532 470 1560 se
500 1516 615 1560 haud
644 1516 787 1570 inepte
817 1516 918 1570 poni
946 1517 1132 1570 potuisse
1164 1530 1249 1559 non
1279 1517 1539 1572 negaverim,
1570 1521 1711 1560 tamen
1741 1518 1818 1561 ali-

318 1590 475 1644 quanto
501 1587 668 1642 longius
694 1585 826 1628 distat
853 1600 879 1628 a
907 1584 1146 1629 litterarum
1171 1585 1377 1641 vestigiis,
1408 1585 1560 1641 quibus
1586 1590 1729 1630 tamen
1747 1579 1814 1629 'in-

320 1656 598 1713 grediendum
625 1658 705 1707 est,
735 1669 862 1710 quam
893 1651 1042 1713 σαρώ
1054 1671 1085 1709 μ
1098 1671 1217 1707 ατα,
1251 1659 1299 1698 ut
1327 1656 1363 1698 si
1391 1656 1541 1699 horum
1569 1656 1818 1701 alterutrum

320 1726 551 1782 optandum
579 1726 652 1778 sit,
683 1725 810 1780 plane
839 1739 924 1768 non
951 1725 1110 1782 ambigi
1139 1739 1260 1780 posse
1292 1725 1494 1770 videatur.

435 1795 517 1839 Sed
556 1795 754 1838 admonet
792 1809 858 1838 me
899 1794 1005 1837 haec
1041 1794 1345 1849 Epicureorum
1381 1795 1571 1839 luxuriae
1611 1796 1820 1839 cavillatio

317 1864 425 1906 alius
456 1862 675 1905 cuiusdam
703 1862 787 1904 loci
823 1860 1187 1917 Symposiacorum
1216 1862 1299 1914 ΙΙΙ,
1331 1867 1373 1915 6,
1401 1868 1427 1907 4
1456 1878 1495 1918 p.
1527 1867 1608 1908 655
1631 1863 1660 1907 d
1690 1862 1741 1907 τὸ
1770 1865 1819 1908 δὲ

319 1930 540 1991 μακάριον
570 1931 643 1974 καὶ
673 1925 914 1989 ἄφθαρτον
939 1928 1051 1974 ἔστω
1080 1931 1161 1986 μὲν
1185 1925 1279 1974 οἷον
1303 1928 1423 1989 αὐτῷ
1443 1930 1735 1990 (Ἐπικούρῳ)
1758 1933 1819 1991 μὴ

317 2001 552 2062 φροντίζον
592 2002 670 2059 (ita
698 2005 813 2045 recte
844 2001 1093 2044 Duebnerus
1131 2016 1209 2056 pro
1238 2002 1388 2045 vitioso
1434 2001 1704 2059 φροντίζειν)
1737 2004 1820 2046 τῶν

329 2068 434 2115 καθ’
463 2069 602 2129 ἡμᾶς·
638 2067 740 2129 ἡμῖν
768 2071 817 2114 δὲ
852 2072 923 2127 τῷ
961 2068 1110 2128 νόμῳ
1138 2067 1363 2122 πόλεως
1407 2064 1462 2114 εὖ
1503 2067 1820 2126 ἑπομένοις

419 2217 453 2260 ²¹²)
493 2218 676 2261 Perperam
715 2229 773 2251 me
805 2229 883 2251 mea
915 2219 1063 2252 10110550
1098 2219 1198 2262 culpa
1226 2214 1398 2253 ’1111011οκ11
1434 2220 1584 2253 Rasmus
1617 2220 1639 2255 l.
1670 2221 1691 2255 l.
1726 2231 1758 2264 11.
1786 2222 1819 2262 4,

323 2278 420 2319 quasi
449 2278 487 2311 ἐν
516 2281 594 2311 ante
618 2279 661 2324 τῇ
684 2279 787 2324 ψυχῇ
812 2277 919 2320 1011011
949 2278 1110 2320 potuisse
1135 2278 1402 2321 contenderem,
1435 2278 1491 2311 vel
1514 2280 1760 2312 convenienter
1783 2281 1818 2314 id

324 2337 508 2379 quisquam
533 2336 606 2369 ficri
630 2346 738 2379 posse
764 2335 976 2370 contendere
1000 2340 1122 2378 posset
1147 2335 1203 2369 vel
1222 2336 1372 2378 denique
1387 2346 1495 2369 unum
1509 2340 1637 2370 lantum
1658 2336 1818 2371 alterum-

316 2406 359 2428 ve
371 2397 447 2429 eius
462 2395 671 2429 insolentiae
682 2395 886 2438 reperiretur
900 2394 1108 2438 exemplum.
1131 2394 1287 2428 Locutus
1298 2405 1390 2428 eram
1407 2395 1450 2428 de
1470 2395 1628 2428 sollemni
1640 2406 1680 2429 ac
1695 2396 1820 2431 decan-

316 2457 385 2486 tata
411 2464 502 2487 nunc
524 2464 636 2497 paene
659 2454 955 2497 praepositionum
979 2453 1012 2485 in
1036 2453 1255 2487 brevioribus
1280 2454 1586 2496 conparationibus
1614 2455 1817 2497 omissione,

319 2519 386 2551 qua
411 2510 454 2542 de
483 2521 517 2543 re
544 2510 626 2553 quid
651 2510 872 2544 statuendum
896 2510 959 2552 511,
986 2513 1066 2552 post
1092 2519 1134 2542 ea
1161 2518 1250 2551 quae
1274 2507 1385 2544 Cobet
1401 2509 1544 2552 (Mnem.
1574 2510 1660 2544 1858
1680 2521 1723 2554 ·p.
1741 2510 1817 2545 326.

322 2568 407 2601 1859
435 2579 472 2611 p.
501 2569 590 2608 289)
628 2569 821 2602 identidem
852 2568 1028 2602 adnotavit
1062 2567 1189 2610 aliique
1213 2571 1292 2601 ante
1319 2578 1398 2601 eum
1427 2568 1564 2611 plurimi
1593 2569 1750 2610 (Dorvill.
1773 2570 1818 2603 ad

318 2624 441 2661 Charit.
467 2638 500 2670 p.
530 2628 595 2660 283
622 2628 688 2669 L),
714 2627 809 2661 nulla
833 2637 976 2670 prorsus
1002 2626 1109 2660 hodie
1132 2630 1246 2670 potest
1270 2637 1351 2660 esse
1376 2627 1555 2662 dubitatio.
1594 2627 1683 2661 illud
1704 2633 1819 2662 tamen

320 2685 416 2719 haud
440 2686 547 2721 dubie
574 2688 766 2721 rectissime
793 2688 926 2720 monuit
941 2686 1102 2728 Rasmus,
1129 2686 1258 2719 nullam
1282 2686 1392 2719 fuisse
1417 2696 1572 2729 causam,
1597 2697 1659 2721 cur
1682 2692 1821 2731 propter

318 2743 450 2777 hiatum
483 2744 722 2778 secluderetur
752 2746 963 2789 praepositio
998 2744 1037 2779 ἐν
1069 2747 1149 2787 11051
1174 2741 1387 2791 σαρώματα.
1448 2743 1518 2777 Sed
1555 2755 1635 2778 cum
1669 2746 1816 2789 primum

318 2807 390 2836 tum
415 2804 594 2846 ingressus
623 2815 737 2838 essem
775 2806 807 2838 in
836 2805 1004 2839 lubricam
1032 2804 1077 2837 de
1099 2803 1213 2837 hiatus
1240 2804 1377 2839 vicibus
1414 2805 1447 2838 in
1473 2804 1645 2838 Plutarchi
1681 2805 1816 2848 scriptis

318 2858 507 2894 moralibus
533 2860 746 2904 doctrinam,
784 2865 904 2905 utpote
934 2861 969 2894 in
1000 2860 1088 2895 loeis
1121 2860 1207 2894 aviis
1237 2860 1456 2903 occultisque
1481 2861 1634 2895 timidior
1656 2860 1816 2895 volebam

316 2916 426 2951 videri
451 2925 554 2959 quam
579 2926 699 2959 parum
725 2923 858 2953 cautus.
