1962 3314
927 147 1210 188 -92-

315 254 399 310 μὸς
429 251 678 309 αὐτόματος
709 255 912 300 ἐπελθών
943 252 1058 314 ἷίρσή
1096 254 1184 307 τὰς»
1202 251 1413 315 ἀρούρας,
1451 251 1592 313 ἄρσας
1622 254 1670 298 δὲ
1697 251 1816 298 ἄπο-

315 322 450 381 λείπῃ
472 318 631 375 ὀπίσω,
651 321 742 366 τότ
756 339 776 366 ε
806 339 833 367 σ
847 322 1052 383 πείρας
1083 321 1181 366 {lna
1196 337 1330 374 στος
1345 321 1420 380 τὴν
1437 319 1602 366 ἑωυτοῦ
1623 317 1819 380 ι’ίρουραν

316 390 592 447 ἐσβάλλει
622 392 678 444 ἐς
709 389 885 450 αὐτὴν
911 387 972 445 ὗς
1003 397 1046 437 et
1074 393 1238 436 Eudoxi
1266 393 1378 447 apud
1399 393 1487 436 Ael.
1516 392 1554 436 d.
1577 408 1616 435 n.
1635 407 1672 436 a.
1693 391 1744 444 X,
1767 394 1817 436 16

320 457 515 514 Εὔδοξος
542 462 592 505 δέ·
622 478 732 520 φησι
763 463 1056 520 φειδομένους
1087 461 1188 513 τοὺς
1208 459 1489 519 Αἰγυπτίους
1517 463 1604 505 τῶν
1632 457 1720 505 ὑῶν
1746 459 1808 518 μὴ

314 531 442 575 θύειν
458 528 605 583 αὐτάς,
632 531 756 576 ἐπεὶ
787 535 885 576 τοῦ
915 531 1039 581 σίτου
1063 532 1379 591 σπαρέντος
1408 530 1686 589 ἐπάγουσι
1705 530 1771 574 τὰ
1791 547 1815 583 ς

315 597 515 658 ἀγέλας
556 597 750 644 αὐτῶν·
792 599 838 645 αἱ
879 602 926 646 δὲ
968 603 1161 645 πατοῦσι
1190 599 1265 644 τὸν
1293 600 1432 660 πυρὸν
1463 601 1537 645 καὶ
1567 600 1630 653 εἰς
1669 590 1803 658 ὑγρὰν

323 667 399 726 τὴν
419 670 496 726 γῆν
526 663 736 721 ὠθοῦσιν,
767 668 839 712 ἵνα
859 667 986 726 μείνῃ
1013 666 1167 723 ἒζιιβιος
1192 667 1267 711 καὶ
1295 667 1354 725 μὴ
1384 663 1472 710 ὑπὸ
1500 669 1584 711 τῶν
1614 663 1810 726 ὀρνίθων

312 737 526 798 ἀναλωθῇ
549 745 592 784 et
621 742 833 784 novissimi
870 741 989 784 testis
1019 741 1195 784 Diodori
1225 740 1264 792 I,
1294 738 1368 792 36‘,
1399 745 1425 783 4
1456 736 1658 783 καθόλου
1688 738 1736 782 δὲ
1766 734 1812 791 (ὁ

313 810 495 865 Νεῖλος)
525 808 741 866 τοσαύτην
768 813 862 861 τοῖς
890 810 969 862 μὲν
999 807 1146 868 ἔργοις
1176 805 1390 852 εὐκοπίαν
1421 808 1685 865 παρέχεται,
1717 809 1812 858 τοῖς

314 875 351 922 δ’
394 875 656 937 ἀνθρώποις
693 880 987 931 λυσιτέλειαν,
1039 876 1154 922 ὥστε
1194 876 1296 929 τοὺς
1331 876 1412 932 μὲν
1454 873 1690 927 πλείστους
1725 876 1812 918 τῶν

313 947 512 1001 γεωργῶν
536 948 630 997 τοῖς
660 941 1081 1005 ἀναξηραινομένοις
1110 944 1184 1000 τῆς
1206 944 1281 1000 γῆς
1305 939 1465 993 τόποις
1487 939 1812 999 ἐφισταμένους

314 1014 388 1058 καὶ
417 1013 467 1058 τὸ
497 1015 674 1074 σπέρμα
695 1015 942 1070 βάλλοντας
972 1011 1203 1070 ἐπάγειν
1234 1011 1298 1055 τὰ
1327 1008 1687 1068 βοσκήματα,
1718 1008 1812 1053 καὶ

312 1080 536 1134 τούτοις
559 1080 921 1140 συμπατήσαν
936 1098 1000 1124 τα
1015 1098 1036 1133 ς
1063 1081 1168 1132 mh,
1195 1080 1431 1136 quamlibet
1449 1083 1497 1121 ut
1515 1078 1630 1122 vides
1649 1077 1813 1121 varian-

312 1153 367 1195 tis
389 1153 603 1207 paulisper
621 1153 666 1195 in
687 1153 898 1196 mentione
919 1166 1061 1202 suum,
1092 1165 1199 1206 quae
1220 1151 1265 1193 in
1284 1151 1366 1193 hac
1384 1149 1554 1205 quidem
1573 1149 1817 1192 narratione

312 1225 499 1279 permira
537 1225 576 1267 ei
615 1224 837 1267 videbatur
864 1223 979 1266 haud
1008 1222 1135 1266 dubie
1165 1226 1208 1265 et
1234 1222 1459 1277 suspitiosa
1486 1219 1661 1275 perinde
1689 1222 1815 1275 atque

313 1295 419 1339 aliis.
449 1295 529 1346 Qui
548 1310 643 1337 cum
664 1309 767 1346 sues,
791 1293 902 1349 quod
917 1293 1026 1337 ratio
1047 1293 1140 1347 ipsa
1165 1293 1393 1343 evincebat,
1414 1291 1566 1334 merito
1589 1293 1632 1334 et
1645 1290 1813 1333 nomine

312 1367 354 1405 et
381 1378 427 1406 re
455 1363 539 1405 sint
565 1360 823 1417 λυμαντικοὶ
849 1363 941 1404 τοῖν
970 1364 1099 1403 θεοῖν
1129 1358 1400 1417 δωρημάιων
1434 1357 1583 1412 (Schol.
1603 1357 1814 1411 Aristoph.

314 1436 417 1478 Ran.
440 1438 550 1486 338»,
577 1433 927 1490 quemadmodum
957 1432 1070 1487 apud
1099 1432 1356 1475 Clementem
1386 1430 1504 1474 Alex,
1535 1429 1685 1472 Strom.
1717 1427 1813 1479 VII,

315 1509 353 1557 6,
377 1509 429 1549 33
452 1520 490 1559 p.
514 1508 595 1548 849
606 1505 660 1555 P,
690 1504 792 1547 licet
819 1504 881 1547 ibi
910 1504 1184 1547 disserentem
1202 1502 1255 1544 de
1274 1501 1460 1552 Iudaeis,
1489 1500 1644 1556 legitur
1674 1495 1810 1556 ταύτῃ

313 1574 387 1618 καὶ
412 1572 604 1629 μάλιστα
622 1571 829 1617 Ἰουδαῖοι
855 1573 1052 1631 χοιρείου
1085 1568 1339 1626 ἀπέχονται,
1372 1567 1433 1623 ὠς
1463 1566 1516 1613 ἂν
1534 1571 1614 1613 τοῦ
1640 1567 1806 1627 θηρίου

314 1645 471 1690 τούτου
499 1648 666 1703 μιαροῦ
696 1641 840 1698 ῗίντος,
874 1644 972 1688 ἐπεὶ
1001 1643 1194 1699 μάλιστα
1217 1645 1299 1686 τῶν
1321 1638 1466 1685 ἄλλων
1489 1642 1592 1693 τοὺς
1613 1639 1815 1699 καρποὺς

315 1714 544 1774 ἅνορύσσει
579 1715 651 1758 καὶ
683 1713 869 1771 φθείρει
906 1715 993 1768 (cfr.
1023 1715 1187 1757 Movers
1216 1714 1368 1756 Phoen.
1400 1715 1421 1754 1
1450 1727 1490 1767 p.
1519 1714 1630 1767 221),
1660 1710 1814 1753 rectius

313 1787 427 1830 haud
455 1787 580 1829 dubie
610 1786 756 1829 fecisse
782 1786 862 1828 sibi
891 1786 1221 1829 informaverant
1239 1784 1542 1838 Triptolemum
1571 1782 1628 1825 ad
1651 1781 1814 1824 Cereris

311 1872 428 1899 aram
449 1871 564 1898 suem
593 1859 863 1907 mactantem,
894 1871 982 1897 cum
1005 1857 1104 1910 quod
1133 1858 1277 1897 severat
1305 1855 1516 1907 effodisset,
1550 1867 1678 1908 quam
1699 1850 1811 1907 quod

311 1926 529 1982 Aegyptiis
559 1941 635 1968 usu
657 1927 822 1969 venisse
849 1928 1137 1979 reppererunt.
1187 1924 1317 1979 Atqui
1340 1924 1461 1978 paria
1485 1923 1619 1966 tradit
1638 1921 1809 1973 Plinius,

312 1998 473 2054 graecis
493 1997 606 2040 haud
626 1996 751 2040 dubie
771 2011 869 2038 usus
890 1996 1147 2046 auctoribus,
1176 1996 1218 2038 h.
1236 2010 1274 2037 n.
1290 1993 1448 2046 XVIII,
1475 1995 1658 2050 18,V168:
1690 1992 1811 2048 volgo

313 2064 562 2106 credebatur
605 2078 630 2105 a
673 2063 844 2107 decessu
881 2063 969 2105 Nili
1007 2077 1145 2106 serere
1195 2062 1339 2104 solitos
1376 2078 1467 2104 mox
1506 2076 1594 2103 sues
1631 2063 1813 2116 inpellere

311 2135 483 2186 vestzyiis
510 2134 656 2173 seweina
684 2133 935 2186 deprimentis
966 2136 1008 2173 in
1037 2132 1188 2173 madido
1217 2133 1292 2172 solo
1302 2147 1316 2181 ;
1353 2133 1396 2172 et
1423 2129 1548 2172 credo
1577 2129 1811 2184 antiquitus

313 2201 566 2251 factitatum,
617 2215 727 2242 nunc
765 2215 929 2255 quoque
968 2215 1053 2242 non
1085 2199 1233 2242 multo·
1254 2199 1444 2255 graviore
1486 2213 1623 2253 opera.
1696 2199 1810 2249 Quae

314 2268 483 2323 quidem
512 2267 754 2310 testimonia
792 2268 897 2311 adeo
936 2269 1047 2311 inter
1077 2283 1121 2311 se
1147 2268 1393 2319 concinunt,
1433 2271 1481 2310 ut
1510 2268 1613 2323 quin
1642 2282 1694 2311 ex
1722 2282 1806 2310 uno

313 2338 539 2392 eodemque
569 2338 683 2380 fonte
712 2337 1004 2391 profluxerint,
1040 2341 1159 2380 tanto
1191 2338 1329 2379 minus
1356 2337 1514 2393 ambigi
1542 2336 1692 2391 possit,
1725 2351 1808 2392 quo

315 2410 447 2465 magis
477 2424 547 2451 eos
577 2409 648 2463 qui
678 2412 773 2462 post
801 2409 1061 2452 Herodotum
1107 2408 1158 2452 de
1186 2409 1312 2452 rebus
1337 2409 1607 2464 Aegyptiacis
1633 2408 1805 2452 rettule-

312 2480 429 2523 runt,
461 2477 514 2518 ab
541 2476 791 2519 auctoritate
821 2477 910 2519 eius
938 2476 1121 2530 pendere
1157 2476 1356 2519 videmus.
1415 2476 1561 2532 Neque
1593 2476 1809 2519 Plutarchi

314 2546 441 2588 verba
479 2546 706 2588 Herodotei
737 2547 886 2589 coloris
923 2546 1128 2589 immunia
1164 2550 1271 2589 sunt.
1341 2547 1392 2588 In
1421 2547 1573 2601 quibus
1610 2561 1716 2602 quae
1755 2546 1807 2590 de

313 2615 438 2656 subus
467 2615 518 2657 ab
548 2615 765 2670 Aegyptiis
795 2615 850 2658 ad
878 2616 1037 2659 semina
1064 2615 1189 2657 altius
1219 2615 1495 2669 deprimenda
1523 2616 1569 2658 in
1595 2616 1684 2659 solo
1715 2631 1802 2659 ma-

315 2683 412 2726 dido
438 2684 652 2736 immissis,
691 2689 859 2728 rectene
889 2699 966 2739 per
995 2689 1358 2728 monumentorum
1398 2686 1573 2743 fidem*)
1604 2701 1660 2730 an
1688 2701 1807 2730 secus

406 2847 441 2890 ²¹⁶)
477 2849 512 2882 ln
539 2854 772 2886 monumentis
801 2855 1049 2899 Aegyptiorum
1084 2864 1173 2897 quae
1206 2855 1316 2889 varias
1349 2856 1581 2890 rusticationis
1608 2859 1727 2900 partes
1755 2866 1806 2889 re—

314 2911 548 2950 praesentant,
576 2918 744 2952 nusquam
772 2916 958 2955 conparent
983 2923 1084 2955 sues,
1112 2913 1176 2946 sed
1201 2923 1343 2957 caprae,
1369 2914 1474 2948 veluti
1501 2914 1536 2948 in
1559 2913 1677 2950 tabula
1698 2924 1807 2958 prope

1955 2999 1962 3110 *na-..imm
1960 2974 1962 2987 ί
1960 2943 1962 2952 n
