1962 3314
161 745 296 854 ond
317 794 464 839 multis
488 796 749 854 argumentis
777 800 822 839 et
849 810 878 839 a
898 794 1047 840 Carolo
1075 794 1241 841 Sinteni
1269 802 1314 842 et
1339 811 1368 841 a
1394 811 1461 840 me
1482 808 1655 850 conpro-

159 861 308 910 hatum
336 869 420 917 em,
457 866 561 909 satis
600 866 755 910 multos
793 865 906 922 apud
947 865 1217 911 Plutarchum
1253 867 1383 920 locos,
1423 867 1469 910 in
1507 865 1659 922 quibus

161 935 349 982 editoees
385 937 545 982 nnllam
582 939 819 982 sententiae
860 939 1107 995 agnoverint
1133 941 1475 996 perversitatem,
1502 939 1654 986 ‚incon-

162 1021 280 1054 oeno
300 1009 508 1055 vocalium
529 1024 733 1054 concursu
751 1010 999 1055 manifestae
1015 1011 1287 1056 librariorum
1302 1011 1463 1057 fraudis
1480 1012 1660 1067 coargui,

166 1079 258 1124 eius
283 1080 348 1124 rei
370 1080 485 1124 haud
512 1081 597 1124 scio
624 1095 679 1124 an
706 1080 866 1124 nullum
894 1080 1115 1125 inlustrius
1137 1085 1254 1126 extet
1271 1081 1508 1137 exemplum
1532 1095 1659 1136 quain

163 1149 209 1193 iii
228 1149 340 1194 vitae
359 1149 528 1194 Romuli
557 1163 646 1206 cap.
663 1155 701 1195 5.
759 1149 994 1205 Adparebit
1012 1150 1126 1194 enim
1152 1165 1281 1207 quam
1308 1165 1393 1195 non
1420 1149 1585 1193 inutilis
1605 1150 1661 1193 sit

119 1224 122 1226 ’
164 1219 314 1263 harum
344 1234 486 1264 rerum
526 1221 795 1276 quantumvis
834 1219 1007 1263 exilium
1043 1220 1282 1264 observatio
1309 1221 1364 1265 ad
1393 1219 1660 1277 coarguenda

164 1289 359 1347 graviora
385 1289 499 1333 vitia.
556 1289 764 1333 Narratur
792 1289 853 1333 ibi
878 1289 931 1332 de
961 1289 1125 1334 duabus
1151 1290 1275 1333 Aonis
1304 1290 1531 1341 Lai-entim,
1556 1303 1655 1345 qua-

164 1369 258 1399 rum
286 1354 424 1400 altera
446 1354 637 1398 Faustuli
657 1368 764 1398 uxor
781 1358 908 1409 atque
934 1356 1195 1411 geminorum
1221 1356 1381 1409 nutrix,
1411 1355 1656 1399 Larentina-

164 1426 317 1471 liorum
345 1427 464 1471 feriis
490 1427 698 1483 originem
717 1425 901 1477 dederit,
930 1425 1068 1470 altera
1092 1442 1120 1471 a
1140 1428 1232 1471 viro
1259 1427 1468 1483 locuplete
1488 1427 1659 1470 Tarutio

164 1497 232 1542 vel
260 1495 449 1549 Gai-ufic,
489 1500 538 1540 ut
563 1500 736 1540 vocatur
763 1510 790 1539 a
818 1495 1053 1548 Macrobio,
1093 1497 1251 1552 nuptiis
1289 1497 1526 1552 adsumpta,
1564 1500 1661 1552 post

164 1567 328 1613 obitum
353 1567 434 1611 viri
462 1566 663 1622 populum
692 1566 927 1609 Romanum
957 1566 1022 1610 vel
1053 1566 1278 1611 Romulum
1306 1568 1462 1624 ipsum,
1489 1566 1660 1612 Valerio

165 1637 338 1683 Antiate
364 1640 555 1690 auctore,
584 1650 710 1693 quem
734 1639 970 1679 antestatur
997 1635 1158 1680 Gellius
1186 1636 1258 1690 VI,
1290 1641 1326 1689 7,
1355 1641 1400 1689 5,
1427 1637 1548 1680 bonis
1575 1636 1661 1679 suis

163 1707 364 1754 heredem
385 1706 534 1751 fecerit
555 1710 599 1751 et
618 1706 672 1750 ob
692 1705 803 1749 lianc
823 1705 1124 1750 liberalitatem
1144 1706 1326 1761 sepulcri
1347 1705 1661 1763 magnificentia

165 1780 212 1822 et
237 1790 403 1822 annuae
429 1764 738 1832 parentationis
771 1774 929 1818 honore
958 1773 1133 1832 dignata
1167 1775 1233 1819 sit.
1300 1775 1534 1832 Utramque
1560 1779 1659 1819 ante

164 1848 335 1905 nuptias
359 1846 643 1892 meretriciam
668 1845 798 1890 vitam
823 1846 1075 1902 transegisse
1105 1846 1177 1890 ait
1235 1846 1374 1903 Atque
1398 1846 1451 1891 de
1469 1845 1659 1891 Faustuli

162 1914 336 1974 quidam
364 1914 541 1972 coniuge
579 1912 775 1958 videntur
812 1913 892 1956 hoc
925 1914 1102 1957 seriores
1142 1913 1274 1958 Urbis
1310 1914 1659 1959 incunabulorum

164 1987 431 2030 enarratores
455 1983 714 2040 excogitasse
735 1981 1047 2026 commoditatis
1067 1983 1203 2040 magis
1220 1983 1427 2028 rationem
1445 1983 1659 2035 habentes,

163 2066 292 2111 quam
329 2051 443 2109 quod
480 2050 745 2095 auctoritatis
788 2048 966 2093 multum
1010 2053 1054 2094 et
1092 2049 1190 2095 fidei
1230 2050 1515 2107 ineptissimae
1558 2065 1659 2095 sane

164 2122 386 2168 traditioni
415 2121 654 2166 tribuerint.
722 2120 863 2166 Unum
892 2121 1005 2165 enim
1046 2121 1125 2165 hoc
1160 2121 1361 2179 agebant,
1400 2127 1449 2166 ut
1485 2126 1659 2182 argutae

164 2188 219 2236 de
246 2189 425 2235 Romulo
454 2194 499 2234 et
525 2189 656 2234 Remo
685 2202 712 2233 a
748 2188 850 2244 lupa
878 2188 924 2244 (i.
951 2203 986 2232 e.
1017 2189 1257 2246 meretrice)
1293 2190 1464 2234 nutritis
1492 2190 1658 2235 fabulae

167 2258 261 2304 fons
295 2258 424 2317 atque
458 2259 576 2317 origo
612 2258 677 2303 vel
713 2259 804 2303 sine
832 2258 1024 2303 miraculi
1063 2264 1297 2304 commento
1333 2240 1492 2306 esses‘
1480 2276 1525 2305 in
1560 2275 1654 2317 pro-

165 2329 372 2388 patulo⁸).
427 2328 516 2374 Nec
543 2344 638 2374 cum
664 2328 794 2373 semel
832 2332 880 2371 ut
907 2328 1072 2373 videtur
1111 2328 1220 2373 duae
1258 2329 1444 2374 eiusdem
1479 2331 1660 2374 nominis

167 2400 435 2446 mulierculae
468 2401 512 2444 in
543 2400 648 2445 duas
676 2414 878 2456 personas
907 2399 1134 2445 distractae
1163 2406 1302 2444 essent
1328 2401 1383 2446 ad
1412 2402 1655 2447 Larentina-

167 2467 319 2513 liorum
346 2468 609 2525 fian-umque
632 2468 848 2512 Arvalium
877 2468 1081 2525 originem
1109 2468 1407 2527 detegendam,
1436 2470 1520 2515 alia
1540 2476 1654 2527 pate-

168 2538 244 2585 bat
268 2537 355 2592 via,
394 2554 521 2597 quam
555 2545 604 2583 ut
640 2540 685 2583 iii
719 2544 859 2584 cetera
899 2538 952 2584 de
980 2539 1158 2595 utraque
1198 2539 1372 2585 muliere
1407 2542 1660 2586 narrationis

168 2607 526 2661 dissimilitudine,
556 2614 851 2666 praeterquam
876 2608 989 2665 quod
1014 2607 1171 2651 similes
1197 2608 1366 2666 utrique
1385 2613 1481 2664 post
1498 2610 1657 2656 obitum

167 2676 319 2722 tributi
347 2681 469 2721 erant
497 2677 693 2730 bonores,
726 2681 904 2733 utraque
933 2676 1044 2722 idem
1073 2680 1187 2721 certe
1215 2677 1419 2733 pristinae
1448 2680 1556 2724 vitae
1586 2681 1655 2725 de-

169 2747 297 2793 decus
330 2746 546 2793 admisisse
585 2749 920 2807 significaretur..
971 2748 1098 2805 Atqui
1128 2747 1379 2794 tralaticiam
1409 2750 1576 2806 quidem
1605 2752 1658 2796 de

263 2897 1259 2944 nvmcstaaeiimmceionthi-tuffllpu.

1416 2966 1431 2999 1
