1962 3314
890 148 1172 189 ...70-

293 260 489 318 λύπορον
517 259 567 301 τὸ
600 260 726 313 σῶμα
758 256 831 301 καὶ
859 256 997 313 μανὸν
1028 253 1409 315 ἅπειργασαμὲνη,
1443 255 1584 299 πολὺν
1615 254 1786 308 δέχεται

293 330 368 373 τὸν
387 328 553 382 ἔξιιιθεν
584 324 695 387 ἀέρα
725 326 799 371 καὶ
824 327 1081 386 βιαιοτέραν
1109 329 1232 369 ποιεῖ
1258 325 1335 384 τὴν
1356 324 1617 383 μεταβολήν·
1650 323 1675 367 δ’
1685 341 1786 368 ταν
1818 330 1823 331 ’

297 395 387 443 οὖν
428 396 783 455 ὑποπλασθῇ
832 394 937 440 ὑπὸ
978 398 1073 453 τῆς
1114 397 1289 453 πηγῆς
1330 392 1387 437 τὸ
1424 392 1571 450 ὕδωρ
1625 393 1679 436 ἐν
1717 393 1789 449 τῷ

298 465 418 526 ἀέρι
470 467 937 525 προθερμανθὲν,
986 463 1371 524 περιψύχεται
1422 463 1647 518 ταχέως.
1733 462 1786 504 In

296 537 363 578 his
399 536 581 590 primum
615 538 711 588 post
752 530 1194 592 παρασκευαζόμενον
1223 532 1388 586 plenius
1416 531 1687 575 incidendum
1712 532 1786 581 est,

297 609 386 648 tum
416 621 438 648 e
456 606 565 648 libro
583 604 762 646 Vindob.
785 603 925 646 nescio
946 618 1000 645 an
1023 617 1107 645 non
1137 601 1443 645 emendandum
1472 602 1528 644 sit
1558 598 1663 643 ὅταν
1689 597 1788 656 γὰρ

300 670 476 729 ἑψηθῇ,
519 672 699 726 denique
728 685 805 725 pro
835 667 1118 727 ὑποπλασθῇ
1156 665 1244 712 ὑπὸ
1275 671 1351 727 τῆς
1383 670 1523 726 πηγῆς
1564 667 1637 711 alii
1665 666 1790 717 aliud,

298 743 544 785 Meziriacus
562 745 703 784 autem
722 736 1009 797 ἀποσπασθῇ
1031 735 1123 782 ἀπὸ
1153 742 1228 797 τῆς
1249 741 1386 797 πηγῆς
1407 738 1673 782 scribendum
1694 751 1789 780 oon-

298 815 408 866 iecit,
440 813 560 868 quod,
591 813 670 855 etsi
692 816 925 855 ceterorum
954 810 1171 853 conatibus
1201 810 1522 865 praeferendum
1541 813 1621 861 est,
1649 812 1791 851 tamen

299 897 376 925 nec
402 883 541 936 ipsum
568 884 741 935 propter
770 881 932 922 hiatum
961 879 1135 933 probari
1163 882 1310 933 potest.
1369 878 1575 934 Equidem
1600 892 1683 920 non
1714 876 1787 918 du-

300 952 407 1002 bito,
450 951 551 1006 quin
580 951 642 992 ita
666 950 794 992 verba
814 949 876 1005 vad
902 949 1109 991 saniorem
1149 949 1355 991 rationem
1389 947 1575 991 revocari
1605 947 1790 990 debeant

302 1019 408 1064 ὅταν
452 1015 528 1063 οὗν
572 1016 951 1062 ὑποσπασθὲν
995 1014 1102 1061 ἀπὸ
1150 1020 1243 1074 τῆς
1288 1019 1465 1074 πηγῆς
1506 1016 1629 1071 (Cod.
1668 1015 1795 1059 Vind.

304 1089 488 1146 πληγῆς)
513 1088 562 1130 τὸ
590 1086 707 1146 ὕδωρ
733 1087 776 1130 ἓν
806 1089 867 1143 τῷ
895 1081 993 1143 ἀέρι
1024 1087 1463 1144 προθερμανθῇ,
1496 1083 1793 1142 περιψύχεται

299 1158 483 1210 ταχέως,
524 1158 674 1212 quibus
713 1156 1003 1210 conposuerim
1028 1155 1132 1197 Plut.
1175 1155 1226 1198 de
1256 1155 1335 1198 def.
1377 1169 1485 1199 orac,
1526 1168 1565 1208 p.
1598 1157 1719 1198 416e
1755 1151 1794 1196 εἰ

300 1226 376 1269 τὸν
418 1222 527 1284 ἀέρα
567 1243 634 1277 τις
677 1222 826 1269 ἀνέλοι
866 1224 940 1268 καὶ
980 1221 1261 1268 ὑποσπάσειε
1294 1223 1367 1268 τὸν
1405 1224 1569 1279 μεταξὺ
1610 1226 1685 1282 γῆς
1721 1221 1795 1267 καὶ

303 1296 504 1354 σελήνης,
538 1296 615 1353 τὴν
646 1294 827 1353 ἑνότητα
861 1295 1074 1342 διαλύσει.

413 1368 532 1411 Alter
560 1368 694 1419 locus,
723 1382 976 1423 quamquam
1003 1367 1054 1410 de
1084 1368 1163 1410 hoc
1193 1382 1344 1423 magna
1372 1370 1593 1422 praeterea
1618 1369 1791 1422 propter

301 1438 471 1479 lacunas
512 1440 574 1480 est
609 1436 835 1488 dubitatio,
875 1437 1031 1492 legitur
1067 1437 1176 1479 libro
1214 1436 1294 1488 IV,
1325 1441 1372 1488 5,
1404 1439 1428 1479 3
1459 1450 1498 1490 p.
1531 1439 1612 1479 670
1625 1451 1657 1478 e.
1727 1435 1793 1478 Ibi

304 1506 499 1548 scribitur
527 1507 571 1548 in
597 1505 809 1548 codicibus
839 1509 1042 1560 quantum
1067 1505 1151 1547 scio
1178 1504 1369 1547 omnibus
1397 1500 1489 1546 οὐδ’
1519 1504 1578 1530 **
1611 1499 1634 1544 ὃ
1657 1507 1795 1558 Λαμ-

305 1574 441 1631 πρίας
468 1572 557 1618 ὑπο
587 1577 645 1602 **
675 1570 788 1617 ἀλλὰ
817 1575 991 1631 λαγωοῦ
1018 1575 1076 1601 **
1103 1590 1177 1616 ται
1210 1573 1322 1624 κτλ.,
1372 1572 1426 1615 ad
1456 1587 1561 1627 quae
1599 1582 1709 1624 cum,
1746 1566 1797 1614 ¹ut

303 1643 409 1685 aliae
430 1643 586 1685 multae
605 1657 864 1698 magnaeque
888 1646 985 1684 sunt
1013 1642 1137 1683 huius
1157 1640 1412 1696 quaestionis
1434 1640 1618 1691 lacunae,
1647 1639 1794 1683 eadem

304 1709 524 1751 manifesto
567 1710 764 1752 lacunosa
791 1710 876 1751 sint
904 1710 1109 1764 aliterque
1137 1709 1189 1751 ab
1220 1707 1316 1750 aliis
1344 1710 1567 1761 temptata,
1598 1707 1794 1751 Reiskius

303 1778 656 1833 ingeniosissimas
698 1778 869 1833 quidem
923 1778 996 1820 sed
1045 1780 1219 1831 propter
1263 1777 1425 1819 hiatum
1469 1780 1614 1830 aperte
1668 1777 1795 1820 falsas

303 1851 561 1893 coniecturas
591 1850 811 1904 proposuit
841 1845 890 1892 οὖ
913 1849 1039 1905 δῆτα,
1074 1845 1160 1905 ἔφη
1192 1844 1215 1889 ὁ
1240 1845 1494 1905 Λαμπρίας
1526 1843 1792 1901 ὑπολαβών·

303 1918 417 1962 ἀλλὰ
446 1923 525 1962 τοῦ
555 1920 633 1971 μὲν
664 1920 837 1976 λαγωοῦ
867 1915 1109 1972 ἀπέχονται
1150 1917 1238 1959 κτλ.
1298 1916 1506 1971 Equidem
1541 1941 1585 1947 -—
1614 1931 1713 1959 nam
1741 1917 1794 1960 de

303 1992 511 2033 sententia
535 1991 755 2033 verborum
783 1993 880 2044 post
903 1989 1050 2043 ‚priora
1078 1987 1195 2030 nulla
1214 1987 1363 2041 opinor
1389 1990 1528 2041 potest
1554 2001 1644 2030 esse
1673 1986 1793 2029 dubi-

303 2061 408 2102 tatio
421 2061 461 2117 *)
487 2086 533 2091 —-
558 2076 642 2103 una
670 2061 815 2103 littera
842 2060 993 2102 leniter
1022 2062 1184 2111 mutata
1213 2059 1433 2101 certiorem
1462 2057 1797 2100 emendationem

303 2131 409 2172 mihi
439 2131 610 2174 videbar
638 2131 845 2174 invenisse
875 2128 1121 2185 corrigendo
1163 2124 1259 2170 οὐκ
1300 2123 1449 2185 ὀρθῶς
1477 2126 1640 2183 λέγεις,
1674 2122 1797 2170 εἶπεν

303 2198 555 2258 Λαμπρίας
591 2197 851 2255 ὑπολαβών,
904 2195 1018 2242 ἀλλὰ
1048 2199 1124 2240 τοῦ
1160 2197 1239 2251 μὲν·
1270 2197 1446 2254 λαγωοῦ
1488 2194 1796 2252 φείδονται

304 2271 405 2317 κτλ.,
438 2285 519 2325 quo
550 2274 592 2314 et
620 2271 783 2313 hiatum
810 2270 919 2312 evito
947 2267 1258 2311 intolerabilem
1286 2269 1329 2309 et
1345 2265 1450 2308 illud
1475 2265 1652 2308 restituo
1681 2264 1794 2321 quod

309 2342 350 2380 et
386 2339 562 2382 totidem
599 2355 693 2382 cum
730 2340 811 2382 isto
851 2339 984 2381 altero
1013 2337 1144 2380 habet
1178 2337 1341 2378 litteras
1381 2338 1423 2377 et
1461 2338 1656 2378 constans
1684 2349 1794 2379 com-

303 2408 472 2450 mendat
510 2409 726 2462 scriptoris
763 2407 1018 2451 consuetudo
1053 2406 1154 2463 (cfr.
1190 2405 1327 2461 Symp.
1358 2405 1430 2455 IV,
1462 2409 1505 2455 4,
1536 2409 1560 2448 4
1599 2420 1638 2459 p.
1671 2409 1752 2450 669
1773 2420 1796 2448 c

304 2475 352 2525 V,
382 2480 423 2517 7.
457 2479 480 2518 3
510 2490 549 2529 p.
580 2478 657 2519 681
678 2476 705 2518 d
735 2479 829 2531 etc.)
897 2475 947 2517 In
986 2474 1187 2529 proximis
1228 2487 1333 2528 quae
1377 2472 1430 2514 ad
1473 2472 1668 2515 lacunam
1707 2487 1792 2515 sar-

304 2541 493 2584 ciendam
529 2544 716 2596 prolatae
759 2547 856 2586 sunt
896 2543 1166 2598 suspitioneS,
1212 2541 1316 2583 mihi
1358 2541 1529 2596 quidem
1571 2555 1656 2583 non
1696 2541 1798 2584 satis

396 2719 430 2763 ¹⁴*·)
460 2722 588 2754 Moneo
612 2721 680 2754 hoc
707 2722 751 2756 ob
777 2721 862 2755 alias
888 2721 1034 2754 aliorum
1061 2720 1298 2760 coniecturas,
1325 2718 1430 2752 veluti
1455 2718 1605 2753 Turncb.
1633 2722 1666 2752 et
1693 2717 1796 2752 Vulc.

305 2776 379 2811 οὔδ’
406 2776 547 2823 ἀλόγως
571 2780 642 2824 ἔφη
667 2777 684 2814 ὁ
711 2782 916 2827 Λαμπρίας
940 2779 995 2813 vel
1021 2778 1185 2821 scaligeri
1208 2776 1352 2820 (Epis-tul
1386 2777 1445 2819 ΙΙΙ,
1472 2777 1536 2810 232
1562 2787 1595 2820 p.
1612 2777 1692 2818 498)
1720 2775 1794 2810 οὐδ’

284 2833 377 2869 ’ἀπὸ
402 2834 539 2882 τρόπου
566 2835 636 2871 τόδ’
666 2838 764 2872 ἐστὶν
788 2839 859 2884 ἔφη
884 2836 902 2872 ὁ
929 2840 997 2881 A„
1024 2847 1122 2881 quae,
1150 2846 1228 2870 cum
1254 2839 1371 2879 aperte
1389 2835 1596 2880 obloquatur
1619 2836 1795 2880 Lamprias

303 2893 504 2939 Callistraw,
530 2907 549 2930 a
574 2907 661 2931 nexu
686 2899 930 2933 sententiarum
954 2908 1096 2942 prorsus
1122 2895 1320 2931 abhorrent.
