1962 3314
740 189 798 199 -
854 168 884 212 9
941 190 991 204 ..-

111 274 409 334 unq-aad
439 288 678 320 summm
711 274 1212 331 pertinereviderentur,
1255 275 1603 334 inprimisinea

2 349 17 370 ²
109 349 237 406 μὴ
272 346 526 393 afflationis
572 360 681 403 quae
727 350 793 391 est
828 346 882 391 de
912 360 1018 391 cena
1059 351 1281 404 scortoque
1326 344 1607 397 conducendo,

111 416 316 476 nglech‘s
328 416 554 462 dumtaxat
571 417 635 461 eis
653 431 762 473 quae
784 417 838 462 de
856 416 1016 472 tem‘plo
1036 417 1209 461 obcluso
1223 418 1335 474 apud
1355 417 1603 463 vetustiores

111 486 355 537 robatur
382 489 427 531 et
463 487 608 542 paucis
644 486 895 543 quibusdam
924 485 1020 530 aliis
1058 485 1114 530 ad
1145 487 1356 544 singulam
1386 485 1605 531 consilium

111 557 292 605 diod!
315 558 549 608 omiaeisve.
593 557 646 601 de
687 558 842 614 quibus
879 556 1123 601 adcuratius
1162 558 1303 603 dicere
1342 572 1453 603 nunc
1495 556 1604 601 nihil

0 606 18 669 ὲ
110 627 294 681 m,
319 631 372 672 nt
398 642 452 672 ne
478 628 525 671 in
553 627 632 671 hoc
653 627 824 684 quidem
851 627 1057 682 scriptore
1073 627 1200 682 plane
1225 628 1473 672 oblitterata
1491 625 1604 671 vide-

111 704 241 747 aur
263 700 505 746 vetustioris
532 700 774 744 traditionis
801 699 988 756 vestigia
1040 698 1203 743 Harum
1227 700 1359 757 igitur
1385 699 1602 757 cogitatio·

111 785 214 817 nnn
236 771 505 817 coniunctam
533 771 569 814 si
597 771 693 827 quis
722 770 942 828 agnoverit
966 770 1070 821 vim,
1105 770 1146 814 ei
1184 770 1307 815 facile
1335 785 1401 814 me
1429 784 1602 826 persua·

114 853 258 886 m
293 854 387 885 esse
423 838 606 891 confido,
653 838 759 882 illud
798 838 914 883 haud
951 838 1301 883 contemnendum
1346 853 1371 882 e
1413 837 1601 882 Macrobi

111 908 324 967 hagino
353 909 461 960 erui,
488 923 517 952 a
543 908 770 952 Plutarcho
798 908 901 952 olim
927 907 1130 963 scriptum
1158 907 1285 952 fuisse
1312 922 1398 951 non
1420 907 1534 964 μετὰ
1553 905 1605 950 τὸ

111 977 381 1026 δοὸποηοᾱ
406 977 552 1034 μετὰ
583 979 675 1021 τοῦ
705 975 949 1021 δείπνου.
972 977 1125 1033 quibus
1145 977 1346 1021 Larentia
1362 977 1417 1021 ab
1436 976 1607 1021 aedituo

110 1064 208 1096 em
223 1049 404 1094 lautiore
419 1049 614 1093 Herculis
636 1063 751 1100 cena„
776 1049 894 1092 cuius
913 1048 1007 1103 ipsa
1023 1062 1122 1091 mox
1144 1047 1288 1092 futura
1306 1050 1418 1092 esset
1437 1060 1608 1102 compos

109 1124 240 1178 atque
265 1120 496 1176 princepe,
523 1119 686 1163 inclusa
714 1118 842 1163 fuisse
871 1117 1142 1175 significetur.

222 1189 381 1244 Quodsi
419 1194 535 1234 recte
575 1189 843 1233 emendatum
879 1193 945 1233 est
981 1188 1048 1233 vel
1081 1187 1270 1232 Macrobi
1303 1186 1507 1232 beneficio
1535 1201 1601 1231 re·

111 1257 315 1309 sh‘tutim,
345 1256 597 1301 conveniens
617 1255 786 1301 videtur
811 1270 896 1300 nno
914 1256 1044 1300 verbo
1068 1256 1248 1300 lectores
1271 1255 1448 1307 edoceri,
1476 1270 1603 1312 quam

111 1326 167 1372 ob
194 1340 364 1372 cansam
393 1327 595 1371 larentia
632 1340 727 1370 cum
759 1340 865 1371 cena
898 1326 1062 1370 inclusa
1087 1325 1235 1379 fuerit,
1260 1329 1490 1381 ‘potestque
1525 1326 1607 1370 hoc

113 1394 404 1452 pemmde
433 1393 544 1446 fieri,
572 1394 608 1438 si
636 1394 831 1450 proxima
855 1394 1025 1439 verba
1012 1409 1058 1438 ιιι
1086 1395 1200 1438 hunc
1227 1394 1316 1438 fere
1354 1392 1522 1437 modum
1551 1393 1607 1438 ab

108 1467 280 1509 me
307 1461 498 1520 profecta
524 1462 804 1517 suspicemur.
831 1456 892 1512 ὥς
921 1459 973 1518 dr>
1003 1462 1084 1504 τοῦ
1113 1461 1225 1504 θεοῦ
1250 1458 1606 1516 μεθέξοντος

114 1528 240 1590 αὐτῇ.
294 1529 408 1575 Hinc
435 1528 778 1574 verecundiorem
814 1528 944 1572 etiam
980 1527 1239 1572 lucrabimur
1274 1526 1469 1571 amatorii
1499 1525 1603 1571 Her·

111 1596 218 1643 culis
243 1596 552 1652 larentiaeque
579 1595 793 1639 convictus
831 1598 876 1638 et
919 1597 1087 1638 mutuae
1117 1594 1236 1650 quasi
1266 1607 1485 1637 munerum
1513 1592 1601 1637 offi—

112 1681 356 1725 morumque
382 1666 628 1711 tributionis
655 1665 905 1722 imaginem·
897 1699 907 1718 ‚
948 1679 1077 1721 qnam
1114 1679 1237 1708 nemo
1275 1678 1359 1707 non
1387 1663 1501 1709 videt
1527 1664 1601 1708 ali-

111 1739 271 1794 quanto
294 1736 542 1781 viridiorem
570 1749 682 1786 esse,
721 1749 850 1791 quam
886 1734 921 1777 si
954 1733 1078 1779 deum
1108 1733 1342 1778 solitarium
1379 1733 1502 1778 nobis
1538 1748 1602 1777 re-

112 1813 382 1865 praesentare
409 1821 608 1865 cogamur
647 1806 878 1851 'I'urcarum
915 1805 1049 1849 instar
1088 1808 1284 1860 satrapae
1327 1805 1442 1861 regie
1478 1804 1602 1849 adcu-

111 1881 303 1933 bantem,
342 1880 411 1924 vel
447 1880 485 1923 si
511 1878 737 1923 Herculem
781 1877 987 1922 exhausta
1023 1875 1192 1920 demum
1218 1875 1444 1931 peculiaris
1476 1891 1605 1921 cenae

112 1947 302 1994 lubidine
328 1947 384 1992 ad
412 1946 606 1992 lascivias
627 1960 723 1989 cnm
752 1944 951 1989 Larentia
976 1943 1231 1988 exercendas
1257 1957 1347 1988 sese
1372 1944 1603 1988 accinxisse

112 2018 328 2100 flngamns.
385 2017 580 2062 Ceterum
610 2015 704 2060 fons
731 2014 888 2059 erroris
924 2014 969 2057 in
1003 2012 1226 2069 propatulo
1265 2017 1348 2067 est3
1387 2028 1486 2058 nam
1524 2014 1608 2058 dici

112 2090 183 2134 vix
209 2092 370 2146 potest,
398 2102 526 2146 quam
553 2101 677 2142 saepe
707 2086 969 2130 notissimum
1001 2085 1280 2141 conpendium
1315 2085 1398 2135 ΘΟ,
1420 2072 1510 2125 7-νῖ
1530 2086 1607 2128 etc.

111 2159 217 2205 vel
204 2173 345 2216 ipsum
376 2158 539 2203 scribas
564 2157 764 2202 fefellerit
790 2156 856 2200 vel
880 2155 1084 2200 vocabula
1110 2156 1230 2199 iuxta
1268 2155 1406 2211 posita
1432 2153 1603 2198 detrun-

116 2226 278 2273 caverit
318 2227 428 2284 (qua
466 2225 519 2269 de
548 2239 594 2268 re
624 2223 703 2267 vid.
743 2222 875 2267 Cobet
902 2221 986 2266 NL
1025 2236 1064 2277 p.
1099 2224 1180 2278 10).
1250 2220 1315 2265 Ad
1353 2235 1444 2264 rem
1471 2220 1607 2276 ipsam

114 2309 213 2342 veto
237 2294 351 2354 qnod
379 2294 565 2345 adtinet
594 2293 702 2338 nihil
730 2292 937 2337 succurrit
964 2291 1075 2348 quod
1102 2290 1359 2335 commodius
1378 2303 1608 2367 conparare

115 2364 292 2421 pos-im,
317 2377 447 2421 quam
476 2361 644 2418 losephi
673 2360 1029 2405 narratiunculam
1058 2359 1270 2415 quantivis
1299 2357 1426 2413 pretii
1455 2358 1501 2401 in
1520 2358 1603 2401 An-

116 2431 294 2491 tiq.1ud.
310 2431 469 2482 xvm,
497 2435 534 2482 3,
555 2435 581 2475 4
602 2430 655 2475 de
683 2429 891 2487 flagitioso
920 2432 1066 2484 stupro
1094 2443 1122 2471 a
1150 2427 1325 2478 Mundo,
1354 2426 1496 2483 equite
1523 2427 1602 2471 Ro-

117 2517 252 2556 mmo,
278 2501 506 2554 Paullinae,
534 2501 750 2546 Saturnini
782 2500 911 2550 uxori,
940 2499 1112 2543 insano
1133 2498 1274 2550 Isidis,
1303 2497 1510 2542 Anubidis
1537 2498 1605 2542 dei

114 2573 236 2631 quasi
262 2571 459 2628 auspiciis
487 2576 532 2615 et
558 2571 662 2627 ipsis
698 2570 823 2614 Isidis
860 2569 1146 2615 sacerdotibus
1184 2583 1353 2613 manum
1388 2568 1607 2626 locumque

19 2655 36 2673 ·
116 2638 432 2697 praebentibus,
457 2638 610 2691 inlato,
637 2638 711 2683 ubi
738 2637 959 2694 pestana,
986 2652 1093 2694 quae
1123 2636 1230 2681 nihil
1253 2636 1308 2682 ed
1334 2650 1443 2689 rem,
1470 2652 1602 2683 sacer-

116 2708 263 2754 dotum
300 2707 529 2752 Isiacorum
568 2711 673 2753 natu
713 2707 919 2755 maximus
959 2706 1013 2751 ad
1047 2706 1281 2751 Paullinam
1319 2707 1604 2753 intromissus:

118 2869 220 2915 sinit
234 2870 279 2905 ad
298 2868 383 2905 Plio.
399 2878 432 2903 n.
451 2867 486 2904 h.
498 2866 627 2912 11¹1,
651 2869 708 2912 23,
734 2869 834 2903 novi·
854 2868 1064 2913 quibu-dnm
1081 2868 1247 2913 exempli·
1266 2869 1443 2905 moun-n
1461 2874 1606 2905 conatus

115 2940 195 2966 sum
218 2930 254 2965 in
278 2928 417 2972 θοαί.
443 2926 530 2963 mut.
556 2925 599 2962 ln
625 2937 660 2972 p.
685 2928 729 2962 4³
757 2936 810 2971 oq.
