1962 3314
891 144 1175 186 -20-

279 256 444 300 videtur
465 269 564 300 sane
583 254 833 298 Plutarchus
853 255 899 298 in
920 255 1000 299 hac
1017 255 1163 310 phrasi
1182 270 1390 312 nusquam
1410 255 1585 299 verbum
1607 249 1783 312 ἀνάγειν

282 325 496 368 admisisse
511 359 520 377 ,
562 337 817 379 quamquam
855 322 959 366 alios
999 322 1128 365 veluti
1167 322 1428 366 Herodotum
1466 321 1779 366 concedendum

282 399 345 439 est
366 395 482 438 nullo
499 394 738 437 intellectus
762 393 1004 437 discrimine
1025 393 1293 448 frequentare
1314 394 1505 437 alterum.
1551 392 1634 436 Sed
1654 392 1780 435 huius

286 466 415 509 etiam
443 466 506 508 rei
535 479 743 507 summum
773 465 922 520 opinor
958 464 1181 507 arbitrium
1215 467 1302 507 esto
1339 478 1467 518 penes
1495 467 1680 507 veterem
1708 477 1774 506 co-

282 535 417 578 dicem
428 534 677 586 Palatinum,
698 538 746 576 ut
763 549 796 577 c.
817 539 870 579 50
893 537 988 588 post
1006 549 1056 576 ea
1076 548 1182 588 quae
1201 533 1510 576 adnotaverunt
1522 533 1708 576 Sintenis
1724 533 1778 575 ad

279 602 476 645 Themist.
497 616 536 656 p.
557 601 613 644 LI
634 601 708 644 alii
726 601 848 653 alias,
877 614 999 644 nemo
1028 601 1185 654 poterit
1211 600 1444 656 ambigere,
1473 600 1576 655 quin
1597 599 1780 656 genuina

279 672 433 714 codicis
462 672 587 715 lectio
614 671 670 714 sit
695 670 855 728 σκηνήν
876 686 924 712 τε
957 668 1172 728 πηγνύναι
1190 670 1423 728 βασιλικὴν
1452 669 1538 714 ἐκέ
1553 670 1674 714 λευε
1699 683 1777 726 pro

282 741 387 798 volg.
413 740 626 793 ἐκέλευσε,
658 741 843 795 itemque
872 740 917 782 in
946 739 1033 782 vita
1060 739 1217 781 Antoni
1247 753 1280 781 c.
1301 743 1354 782 77
1377 753 1429 781 ex
1462 738 1608 781 eodem
1636 737 1779 786 codice

278 812 322 853 in
350 810 490 853 verbis
522 808 770 868 προθύμως
801 807 1024 850 ἐκέλευσεν
1056 807 1183 850 scribi
1212 807 1356 850 malim
1375 805 1558 850 ’ἐκέλευε
1571 807 1623 862 *).

395 878 544 922 Cetera
571 877 799 921 levioribus
829 876 1081 933 quibusdam
1105 877 1266 919 omissis
1291 890 1369 931 per
1385 879 1571 919 saturam
1596 890 1773 919 comme-

278 963 441 991 morare
470 947 608 1000 lubet3
658 961 911 1004 quamquam
952 946 1200 988 tenuissima
1238 959 1427 1001 quaeque
1464 945 1510 987 in
1549 945 1629 988 hoc
1667 944 1779 989 libro

279 1019 490 1074 quantivis
527 1017 655 1072 pretii
695 1030 856 1059 summa
884 1030 977 1057 cum
1016 1029 1117 1057 cura
1143 1013 1433 1070 persequenda
1473 1028 1580 1066 esse,
1619 1017 1668 1056 ut
1704 1013 1777 1056 alii

282 1089 521 1132 examinare
550 1090 730 1142 possent,
759 1100 902 1128 omnes
924 1085 1079 1127 codicis
1101 1084 1329 1139 scripturas
1350 1083 1420 1126 hic
1439 1082 1678 1126 adscribere
1703 1082 1773 1126 de-

278 1161 473 1213 bueram3
504 1158 577 1202 sed
601 1158 669 1201 his
699 1173 750 1201 ex
768 1161 888 1211 parte
911 1157 1087 1210 posthac
1105 1170 1256 1198 usurus
1278 1170 1380 1200 sum.
1441 1153 1537 1209 Cap.
1560 1158 1585 1198 6
1601 1154 1777 1209 praebet

369 1271 404 1315 *)
430 1272 467 1305 ln
492 1272 617 1305 eadem
639 1273 766 1305 Antoni
791 1273 860 1305 vita
885 1282 914 1306 c.
939 1273 958 1304 9
977 1282 1010 1315 p.
1027 1272 1124 1305 920a
1150 1272 1182 1305 in
1205 1272 1323 1306 verbis
1346 1267 1421 1305 dm
1439 1261 1548 1316 ’πρωῒ
1565 1271 1630 1304 τοῦ
1653 1266 1775 1315 δήμου

277 1333 474 1368 καλοῦντος
499 1332 548 1368 εἷς
573 1327 717 1375 ἀγορὰν
741 1327 938 1376 προελθών
965 1341 1007 1363 ex
1033 1330 1138 1364 Palat.
1165 1332 1299 1372 corrige
1324 1343 1384 1364 πα
1396 1331 1469 1375 pe).
1481 1324 1545 1362 aa}
1557 1340 1597 1371 ν;
1623 1328 1775 1371 itemque

277 1391 370 1433 quod
395 1400 415 1422 a
439 1388 573 1423 Sinteni
601 1399 675 1432 cap.
701 1390 745 1422 42
771 1400 813 1422 ex
837 1390 1167 1433 Pseudo-Appiano
1197 1394 1371 1433 receptum
1399 1393 1451 1423 est
1478 1385 1776 1437 προσβάλλοντας

275 1457 337 1491 pro
363 1447 490 1480 aoristo
518 1445 680 1479 distincte
712 1445 839 1488 legitur
862 1447 896 1479 in
920 1446 1045 1488 Palat.;
1081 1447 1174 1489 quod
1207 1456 1273 1489 ego
1300 1446 1382 1480 olim
1408 1447 1441 1479 in
1468 1455 1543 1489 cap.
1569 1446 1613 1479 45
1638 1455 1680 1479 ex
1705 1456 1774 1479 uno

249 1538 252 1540 ,
277 1508 428 1541 alterove
451 1506 540 1542 libro
570 1506 725 1540 Parisino
751 1508 876 1550 scripsi
901 1504 1220 1545 ἀπολισθάνοντας
1253 1507 1490 1542 subministrat
1523 1507 1625 1540 etiam
1650 1505 1774 1540 Palati-

277 1578 361 1609 nus,
387 1570 425 1600 ut
439 1565 593 1610 paullum
608 1566 717 1608 absit,
743 1566 823 1608 quin
850 1575 938 1598 nune
958 1565 1081 1599 faciam
1103 1575 1182 1598 eum
1199 1563 1352 1607 Cobeto‚
1381 1565 1438 1607 qui
1455 1563 1594 1598 alteram
1613 1563 1772 1606 formum,

276 1628 396 1668 utpote
427 1623 510 1657 nulli
536 1627 691 1666 veterum
718 1624 911 1666 cognitam,
941 1623 1043 1666 plane
1075 1624 1315 1666 proscripserit
1348 1622 1431 1666 (VL.
1456 1633 1490 1666 p.
1516 1622 1559 1655 25
1584 1626 1618 1656 et
1643 1622 1775 1665 passim

277 1680 426 1714 Dindorf
461 1680 505 1713 ad
535 1679 677 1713 Lucian.
707 1679 733 1712 li
761 1690 793 1723 p.
820 1681 840 1713 6
875 1680 1029 1714 Hercher
1062 1680 1104 1713 ad
1141 1679 1264 1714 Achill.
1290 1680 1362 1713 Tat.
1393 1689 1426 1722 p.
1454 1680 1510 1722 51,
1539 1679 1609 1722 23).
1658 1678 1775 1713 Enim-

276 1749 359 1773 vero
384 1740 413 1772 si
439 1738 517 1781 quis
543 1737 798 1772 multitudinem
823 1738 981 1772 locorum
1007 1739 1278 1781 contrariorum,
1304 1737 1429 1772 laetius
1448 1738 1606 1771 nimirum
1631 1738 1666 1771 in
1691 1737 1775 1772 seri-

276 1799 343 1841 ptis
367 1797 556 1832 moralibus
581 1797 822 1840 pullulantium
851 1807 955 1840 quam
979 1798 1013 1831 in
1039 1799 1118 1831 vitis
1143 1797 1216 1843 (cfr.
1236 1798 1374 1839 Quaest.
1401 1797 1487 1832 Plut.
1515 1797 1544 1830 ll
1569 1808 1602 1841 p.
1623 1797 1673 1840 4),
1698 1807 1776 1841 per-

275 1854 456 1895 timescat,
485 1853 515 1886 is
541 1854 766 1886 verecundari
794 1854 947 1896 desinet,
977 1855 1005 1887 si
1033 1854 1224 1887 meminerit
1249 1853 1420 1888 Plutarchi
1446 1855 1607 1888 codicem
1636 1855 1692 1898 qui
1715 1866 1776 1889 ve-

276 1908 400 1941 tustior
418 1911 512 1942 esset
528 1908 669 1942 saeculo
689 1908 827 1942 decimo
840 1909 896 1942 vel
915 1910 1101 1943 undecimo
1113 1928 1155 1933 —
1168 1920 1246 1943 nam
1266 1911 1311 1944 de
1325 1911 1403 1945 cod.
1416 1910 1566 1946 Florent.
1576 1911 1659 1955 plut.
1671 1911 1775 1945 thx

277 1969 354 2002 cod.
383 1969 423 2001 13
455 1968 702 2011 palimpsesto,
737 1979 841 2012 quem
873 1971 983 2004 obiter
1008 1972 1154 2014 inspexit
1180 1970 1333 2006 Cobctus
1359 1972 1434 2013 (cfr.
1463 1972 1571 2007 Praes.
1602 1973 1647 2006 nd
1672 1972 1774 2016 Diog.

276 2027 387 2059 Laert.
405 2036 438 2068 p.
455 2025 498 2064 ΙΙ)
515 2030 549 2059 et
568 2027 597 2059 si
616 2027 698 2059 satis
718 2028 861 2061 memini
877 2029 1072 2071 nuperrime
1089 2030 1190 2062 etiam
1211 2028 1423 2072 Hercherus‚
1449 2039 1570 2073 parum
1587 2029 1695 2073 liquet
1716 2048 1774 2074 —‚

276 2086 390 2120 adhue
416 2087 595 2119 inventum
619 2097 699 2120 esse
722 2087 875 2130 nullum,
907 2093 943 2121 ut
969 2088 1116 2131 plurima
1138 2088 1260 2122 harum
1289 2089 1521 2132 stribliginum
1546 2090 1693 2125 librariis
1715 2091 1773 2124 tri-

274 2146 414 2181 buenda
439 2145 629 2187 videantur,
657 2147 737 2189 qui,
772 2148 807 2180 in
834 2147 998 2181 sordibus
1025 2146 1148 2181 effetae
1174 2147 1553 2190 graecitatisvolutnti,
1591 2157 1671 2182 eum
1698 2148 1774 2183 aliis

275 2203 365 2235 vitiis
394 2203 497 2236 etiam
531 2202 598 2236 hos
625 2214 758 2237 errores
793 2205 826 2237 in
856 2204 1029 2238 Plutarchi
1054 2205 1163 2240 libros
1195 2206 1450 2240 transfuderim.
1508 2206 1656 2241 Prorsus
1682 2217 1771 2241 nova

276 2267 354 2296 sunt
372 2263 405 2295 in
427 2273 501 2306 cap.
521 2264 541 2296 4
559 2262 641 2302 τοὺς
659 2262 901 2299 Ἀντωνίου
927 2264 987 2298 ἀπ’
1010 2261 1202 2310 Ἄντωνος,
1228 2268 1290 2300 (2.ss
1310 2266 1515 2310 διαβαίνει
1541 2277 1603 2310 pro
1622 2267 1771 2312 διαβαί-

276 2332 367 2355 urm:
393 2331 421 2355 e.
438 2323 455 2354 7
483 2319 662 2359 ὦςσθεν
679 2322 779 2365 (sicl)
798 2323 917 2368 ἑργιιῖ
942 2334 1003 2367 pro
1024 2321 1071 2362 (ὃς
1088 2324 1240 2369 ἐνεργῷ,
1268 2334 1298 2358 c.
1314 2324 1354 2357 21
1373 2325 1423 2368 τῷ
1439 2328 1533 2371 Βρο
1547 2321 1632 2370 ύτῳ
1654 2327 1772 2374 νεκρῷ

272 2389 351 2412 curn
376 2391 446 2412 uno
473 2379 624 2413 alterove
653 2381 686 2414 ni
712 2381 813 2415 fallor
838 2382 1012 2424 Parisino,
1049 2392 1079 2416 c.
1104 2382 1147 2415 29
1172 2384 1478 2421 Κανοπίταις.
1515 2393 1584 2417 non
1609 2387 1647 2417 ut
1673 2388 1770 2418 nota·

273 2440 346 2468 turn
375 2425 428 2469 est
451 2439 700 2480 Κανωπίταις,
732 2447 761 2471 c.
780 2438 823 2470 33
850 2443 997 2471 exeunte
1021 2440 1079 2472 καὶ
1106 2436 1375 2484 διαλαμβάνων
1400 2438 1482 2477 τοῖς
1506 2443 1769 2475 νεανίσκων

274 2492 507 2540 ἐτραχήλιζεν.
539 2507 567 2531 c.
597 2498 638 2530 37
666 2497 710 2530 de
736 2493 779 2532 ὃν
802 2503 882 2541 post
906 2496 970 2533 τὸν
991 2497 1171 2533 Ἰουδαῖον
1195 2498 1282 2533 nihil
1306 2504 1490 2543 conparet,
1518 2510 1548 2535 c.
1575 2501 1615 2533 41
1646 2500 1769 2541 τοξεύ-

273 2562 388 2595 μασιν
416 2552 459 2585 οἳ
491 2550 557 2596 δή,
595 2563 624 2588 c.
650 2555 693 2588 48
718 2565 780 2597 pro
807 2552 884 2600 ἅμα
909 2554 940 2589 ‹5’
973 2552 1208 2600 ἀπήγγελλον
1236 2555 1363 2598 legitur
1397 2553 1642 2602 ἐπήγγελλον,
1670 2569 1699 2594 c.
1726 2559 1769 2592 56

272 2619 333 2652 pro
360 2614 550 2656 προείρητο
578 2615 741 2658 πέμπειν
765 2618 914 2657 praestat
950 2612 1183 2662 προήρετο
1213 2628 1273 2659 π.;
1310 2626 1339 2651 c.
1367 2617 1405 2651 61
1443 2617 1487 2650 ad
1513 2618 1619 2653 verba
1646 2620 1771 2659 ἱππεῖς

273 2669 312 2702 nl&
345 2667 591 2715 παραπλήσιοι
626 2670 666 2706 τὸ
702 2674 844 2716 πλῆθος
877 2673 980 2706 altera
1013 2683 1147 2719 manus
1180 2675 1325 2717 margini
1366 2675 1550 2719 adscripsit
1586 2673 1768 2724 γράφεται

272 2723 351 2758 τὸν
377 2723 599 2770 ἀριθμόν,
626 2728 659 2760 in
685 2728 811 2761 eodem
831 2729 942 2772 eapite
967 2738 1086 2771 margo
1111 2728 1218 2764 habet
1241 2727 1468 2770 σαλούλας
1491 2742 1562 2765 non
1587 2728 1765 2775 ιαλούλας,

272 2795 300 2819 c.
328 2788 371 2819 66
397 2787 487 2820 med.
516 2789 639 2822 omittit
663 2790 736 2822 καὶ
762 2793 843 2832 post
868 2786 1036 2837 ὁρῶντες
1061 2799 1091 2824 c.
1111 2790 1153 2823 70
1177 2791 1261 2833 legit
1287 2792 1362 2835 τῆς
1384 2792 1474 2826 τῶν
1499 2793 1635 2827 Χοῶν
1656 2792 1765 2839 ἑορ-

271 2844 346 2887 τῆς
371 2839 525 2888 οὔσης,
552 2857 633 2879 vere
658 2857 700 2881 an
724 2858 902 2892 perperam
933 2858 1023 2882 nunc
1052 2859 1120 2882 non
1149 2849 1356 2892 disquiram
1381 2860 1411 2885 c.
1430 2851 1472 2884 82
1499 2850 1661 2885 articulus
1686 2855 1764 2886 ante

264 2901 452 2945 Ὄλυμπος
477 2904 558 2937 item
584 2904 683 2940 deest
706 2907 741 2940 in
770 2906 925 2942 Palatino
945 2895 1014 2941 ete.
