1962 3314
935 183 1153 224 „6⁸-

282 296 474 352 pluribus
501 309 527 338 a
553 293 672 337 nobis
701 292 961 347 disputatum
992 297 1055 336 est
1082 294 1127 335 in
1156 294 1323 345 Quaest.
1350 294 1457 340 Plut.
1488 293 1544 337 IV
1576 307 1615 348 p.
1636 298 1674 345 5,
1702 292 1775 336 ad-

280 363 432 406 iectiva
464 363 600 403 nobilis
628 362 672 401 et
707 360 888 401 inlustris
917 359 1092 401 notitiae
1135 359 1263 402 etiam
1298 359 1424 403 fuisse
1464 360 1577 415 apud
1613 363 1776 403 veteres

282 431 470 482 nomina,
499 443 584 472 non
613 427 771 479 meriti,
800 431 848 470 ut
877 428 1061 471 breviter
1091 428 1163 471 sed
1193 424 1383 483 adposite
1413 429 1467 472 ad
1495 443 1586 472 rem
1614 429 1776 472 monuit

284 499 451 543 Servius
478 498 524 540 in
553 495 853 539 commentario
882 496 928 538 in
954 495 1079 551 Verg.
1112 496 1214 539 Aen.
1242 496 1314 548 VI,
1344 499 1445 549 758,
1486 498 1638 540 citatus
1676 506 1704 540 a
1731 497 1776 540 L.

282 572 384 614 Iano
409 569 464 613 ad
483 568 667 612 Macrob.
690 566 855 611 Saturn.
878 567 917 619 Ι,
951 571 1012 619 10,
1043 570 1104 615 13.
1154 567 1264 609 Hinc
1293 567 1451 624 factum
1479 572 1543 612 est
1567 572 1616 611 ut
1639 570 1778 611 nobilis

282 643 325 683 et
343 642 525 682 inlustris
545 639 802 691 usurpentur
831 637 961 679 etiam
989 636 1040 679 de
1069 636 1332 690 prostibulis,
1361 641 1410 680 ut
1431 642 1668 692 opponatur
1688 638 1776 682 fere

280 712 545 768 vulgivagum
591 712 824 753 scortorum
870 723 1020 766 genus,
1065 709 1416 764 quemadmodum
1459 710 1571 765 apud
1614 711 1778 754 Livium

280 780 485 832 XXXIX,
518 783 562 831 9,
599 783 624 823 5
654 778 787 821 habes
814 782 982 820 scorium
1012 779 1140 820 nobile.
1217 776 1420 826 Similiter
1455 778 1567 833 apud
1595 779 1778 823 Graecos

282 851 488 909 λαμπρός
516 852 646 896 etiam
673 852 719 894 in
747 850 905 894 malam
933 854 1099 904 partem
1128 849 1213 893 dici
1243 854 1422 903 constat,
1452 851 1559 895 adeo
1588 854 1638 894 ut
1665 852 1779 907 apud

281 922 571 966 Philodemum
597 920 649 964 de
678 921 832 963 virtute
864 923 907 963 et
924 919 1037 962 vitiis
1058 920 1170 962 inter
1190 920 1344 963 misera
1374 921 1557 964 relicuas
1577 922 1780 965 orationis

281 989 499 1045 naufragia
537 988 661 1031 claris
705 988 860 1031 litteris
898 988 1102 1042 scriptum
1140 988 1213 1030 sit:
1267 983 1329 1040 ὥς
1378 987 1425 1032 αἱ
1465 989 1782 1048 λαμπρόταται

311 1093 520 1103 ......
543 1058 727 1100 ποιοῦσι
761 1054 996 1110 πολλάκις,
1028 1057 1101 1101 ubi
1130 1057 1291 1100 nullum
1318 1059 1458 1113 aptius
1487 1059 1675 1115 suppleri
1702 1074 1777 1116 po-

281 1129 364 1172 tuit
387 1127 635 1171 vocabulum
654 1140 781 1182 quam
803 1123 956 1168 κακίαι
979 1125 1066 1180 (cfr.
1083 1117 1345 1170 Schoemann
1359 1127 1508 1182 Opusc.
1527 1128 1593 1171 III
1613 1143 1653 1184 p.
1665 1129 1778 1187 242),

283 1197 434 1254 quibus
463 1195 636 1239 accedat
664 1193 917 1237 Heliodorus
937 1194 1132 1249 Aethiop.
1157 1194 1198 1246 I,
1231 1198 1300 1246 12,
1334 1196 1402 1238 cui
1432 1195 1598 1240 adulter
1623 1196 1779 1240 dicitur

283 1264 307 1309 ὃ
332 1264 538 1323 λαμπρὸς
564 1266 643 1321 τῆς
673 1262 818 1306 πάντα
846 1262 1164 1321 σωφρονούσης
1186 1262 1419 1322 ἐρώμενος.
1458 1263 1684 1310 Praeterea
1710 1267 1780 1310 vix

283 1338 458 1394 dignum
485 1335 716 1387 mentione,
757 1334 962 1377 simillimi
991 1349 1090 1378 usus
1119 1335 1313 1390 exempla
1347 1336 1393 1378 in
1422 1351 1521 1380 voce
1550 1339 1681 1380 clarus
1711 1352 1776 1381 oc-

283 1420 450 1450 currere
472 1405 599 1448 etiam
620 1403 733 1458 apud
754 1403 945 1455 Latinos,
976 1404 1331 1459 quemadmodum
1347 1419 1454 1461 quae
1479 1406 1592 1460 apud
1616 1406 1777 1451 Cicero-

282 1490 379 1518 nem
406 1474 453 1516 in
482 1472 599 1516 Verr.
630 1472 691 1524 ΙΙ,
728 1477 767 1524 1,
803 1474 872 1524 18,
903 1476 957 1516 50
995 1473 1135 1527 posita
1168 1476 1267 1516 sunt
1302 1474 1355 1516 de
1394 1475 1652 1529 expilatione
1690 1476 1777 1520 fani

283 1544 476 1588 Iunonis:
504 1558 618 1599 quam
632 1544 804 1584 luctuosa
824 1542 972 1584 Samiis
990 1544 1106 1596 fuit!
1133 1558 1247 1599 quam
1265 1546 1396 1587 acerba
1415 1548 1488 1587 toti
1500 1546 1646 1588 Asiae!
1664 1561 1779 1602 quam

283 1620 387 1660 clara
413 1616 520 1671 apud
545 1616 695 1657 omnes!
731 1627 815 1656 non
849 1617 1025 1668 possunt
1058 1614 1185 1657 aliam
1215 1614 1300 1658 vim
1336 1615 1495 1659 habere
1532 1616 1615 1659 nisi
1643 1619 1781 1673 turpis

282 1686 480 1730 infamiae
506 1683 630 1741 (conf.
665 1683 802 1727 Halm.
828 1683 884 1726 ad
916 1683 1037 1727 Verr.
1066 1684 1138 1736 IV,
1173 1687 1242 1737 12,
1272 1688 1339 1737 27,
1379 1685 1490 1730 Serv.
1522 1686 1647 1744 Verg.
1677 1687 1779 1732 Aen.

283 1756 379 1808 VII,
403 1755 518 1810 19³⁶).
562 1753 860 1796 Removebitur
878 1753 1069 1807 profecto
1091 1754 1152 1796 sic
1169 1768 1256 1797 una
1274 1754 1466 1806 offensio,
1492 1759 1626 1799 restat
1644 1757 1781 1801 altera

284 1838 368 1868 non
397 1837 496 1866 sane
533 1821 680 1863 minor.
749 1819 989 1875 Sequuntur
1023 1819 1219 1874 deinceps
1254 1824 1351 1875 post
1386 1818 1605 1866 εἱστίασεν
1636 1821 1682 1865 ἐν
1711 1825 1774 1880 τῷ

286 1894 390 1954 ἱερῷ
421 1893 595 1936 haecce:
637 1887 785 1947 κλίνην
813 1885 1121 1947 ὕποστορέσας
1150 1887 1225 1932 καὶ
1259 1888 1399 1944 μετὰ
1436 1889 1496 1932 τὸ
1539 1891 1773 1935 δεῖπνον

285 1960 505 2018 συνεῖρξεν
534 1954 595 2009 ὥς
625 1956 677 2014 δὴ
710 1957 807 1999 τοῦ
844 1958 989 1999 θεοῦ
1018 1955 1244 2008 ἕξοντος
1273 1953 1419 2014 αὐτήν,
1450 1972 1558 2013 quae
1586 1958 1717 2002 verba
1743 1960 1779 2002 Si

285 2032 424 2075 minus
453 2030 506 2073 ob
536 2028 807 2079 sententiam,
837 2030 951 2070 certe
980 2027 1033 2070 ob
1064 2027 1374 2071 intolerabilem
1403 2022 1566 2071 hiatum
1594 2028 1648 2072 de
1674 2029 1778 2072 vitio

284 2105 476 2158 suspecta
504 2104 617 2152 sunt,
647 2099 719 2155 qui
745 2098 953 2154 quomodo
980 2098 1201 2142 tolleretur
1229 2097 1414 2141 Sintenis
1440 2114 1478 2142 v.
1512 2099 1561 2142 cl.
1591 2100 1779 2145 indicare

286 2171 580 2228 praetermisit.
639 2170 701 2213 Ac
735 2169 902 2212 videtur
931 2169 1036 2212 mihi
1067 2183 1167 2212 sane
1196 2169 1418 2225 mysticum
1455 2169 1536 2212 hoc
1565 2170 1777 2214 silentium

288 2244 333 2285 in
361 2244 480 2284 tanto
509 2239 760 2295 praesertim
797 2238 888 2281 viro
926 2238 1143 2293 aliquanto
1180 2238 1326 2281 utilius
1366 2253 1455 2282 esse
1483 2253 1610 2295 quam
1646 2241 1778 2284 nimia

285 2308 499 2353 Benseleri
538 2306 791 2356 liberalitas,
831 2305 905 2360 qui
947 2304 1146 2359 quoniam
1184 2304 1418 2359 probabilis
1459 2305 1696 2349 emendatio
1733 2306 1778 2349 in

285 2390 482 2431 praesens
509 2388 594 2417 non
622 2371 892 2428 suppetebat,
921 2375 1058 2414 totum
1084 2371 1338 2415 membrum:
1379 2367 1439 2423 ὠς
1470 2371 1524 2430 δὴ
1554 2374 1635 2415 τοῦ
1660 2374 1776 2417 θεοῦ

235 2488 238 2491 ,
289 2442 464 2494 ἕξοντος
494 2437 627 2497 αὐτὴν
656 2437 1020 2484 exterminandum
1049 2438 1266 2490 censebat,
1309 2441 1357 2480 ut
1394 2439 1448 2482 ab
1477 2438 1780 2494 interpolatore

286 2512 466 2566 turpiter
495 2510 708 2561 adsutum,
735 2507 986 2564 praesertim
1007 2521 1101 2551 cum
1121 2507 1167 2550 in
1184 2507 1275 2550 loco
1297 2507 1463 2563 gemino
1482 2508 1779 2560 Quaestionum

379 2655 414 2700 *)
431 2656 480 2691 lta
491 2659 594 2692 etiam
611 2652 651 2694 εὖ
663 2660 708 2693 de
726 2670 763 2693 re
775 2659 865 2693 mala
875 2658 946 2692 dici
961 2661 994 2691 et
1010 2657 1094 2691 ratio
1110 2658 1248 2691 evincet
1265 2661 1299 2691 et
1310 2655 1520 2692 Schaeferus
1540 2658 1584 2692 ad
1594 2658 1779 2693 Demosth.

287 2728 321 2761 p.
336 2717 415 2759 218,
435 2718 454 2750 5
471 2720 508 2751 ut
521 2718 614 2760 apud
629 2717 789 2762 Xenoph.
808 2718 918 2752 Anah.
935 2716 995 2759 Vl,
1017 2717 1048 2758 1,
1070 2717 1105 2750 1:
1127 2712 1336 2751 ἐκλώπευον
1351 2734 1396 2740 ——
1414 2709 1454 2750 εὖ
1469 2713 1583 2762 μάλα.
1619 2716 1779 2751 Ceterum

290 2775 415 2810 eodem
439 2776 544 2808 modo
573 2781 770 2820 corruptum
797 2777 978 2820 legebatur
1001 2774 1085 2809 olim
1107 2774 1238 2808 Aeliani
1257 2774 1395 2815 Fragm.
1416 2774 1488 2818 (66)
1516 2776 1608 2819 apud
1633 2774 1778 2810 Suidnm

288 2847 315 2868 s.
332 2846 365 2869 v.
391 2833 642 2882 Ἀφροδίσιονε
673 2833 690 2870 ὁ
716 2836 757 2870 δὲ
785 2836 914 2880 διῆλθε
938 2835 987 2878 τῷ
1010 2829 1109 2879 λόγῳ
1137 2834 1339 2879 φιλοτίμως
1361 2845 1397 2868 τε
1421 2835 1483 2868 καὶ
1507 2832 1576 2868 σὺν
1599 2832 1779 2881 ἀφροδίτῃ

289 2887 330 2929 εὖ
351 2889 453 2939 μάλα
478 2895 642 2941 περιττῇ,
667 2894 727 2929 ubi
752 2894 815 2928 ruit
840 2892 883 2929 οὐ
909 2889 1020 2939 μάλα.
1059 2890 1128 2926 cfr.
1156 2889 1324 2925 Schaeser
1347 2892 1392 2927 ad
1417 2892 1565 2938 Dionys.
1592 2891 1637 2925 de
1664 2901 1777 2935 comp.

288 2950 382 2985 verb.
411 2960 444 2994 p.
472 2951 527 2987 26.
