1962 3314
938 159 1222 203 „48-

335 261 524 306 bandum
551 267 660 307 esset
670 265 723 321 ²⁸),
751 269 800 308 ut
826 281 937 311 nune
965 283 1033 312 res
1063 273 1142 320 est,
1171 270 1365 315 dubitare
1395 272 1559 325 licebit,
1604 288 1705 316 num
1734 273 1828 317 Plu-

336 330 508 373 tarchus
536 332 676 385 potius
711 333 929 388 scripserit
971 337 1408 393 διακεχυμένον,
1446 340 1558 397 quod
1595 345 1638 384 et
1668 341 1832 398 insigne

338 399 393 442 ad
421 400 715 445 efficacitatem
744 403 1062 459 significationis
1093 411 1156 449 est
1182 407 1356 451 verbum
1386 409 1616 466 (Wyttenb.
1646 410 1702 453 ad
1727 409 1831 453 Mor.

337 482 376 522 p.
414 473 495 512 595
534 469 627 528 Ox.)
669 475 712 514 et:
751 472 1043 528 frequentatur
1081 475 1307 520 Plutarcho
1345 478 1520 534 aliisque
1561 479 1612 522 de
1659 493 1831 535 corpore

337 539 526 582 animave
554 541 768 596 voluptate
793 545 962 597 diffuso,
987 552 1036 588 ut
1061 547 1319 591 eontrarium
1347 548 1435 592 fere
1465 549 1620 592 habeat
1650 550 1833 592 συστέλ-

338 610 502 652 λεσθαι
537 609 780 666 (wyttenb.
820 613 846 656 l.
885 612 909 655 l.
951 627 990 668 p.
1040 617 1154 670 103.)
1224 614 1360 671 Atque
1410 617 1624 660 simillima
1663 630 1833 672 prorsus

428 804 462 848 ²¹⁶)
489 804 555 840 Cir.
586 805 724 847 Quaest.
752 805 838 840 Plut.
855 805 902 839 lv
928 817 961 850 p.
989 806 1044 841 32.
1086 806 1190 841 Locis
1214 808 1263 842 ibi
1286 807 1412 843 adlatis
1437 809 1622 843 addendus
1647 813 1718 842 erat
1745 808 1831 843 Plut.

335 867 416 902 Mar.
443 868 486 902 36
510 868 559 911 τῷ
591 863 732 913 σώματι
765 869 855 915 πρὶν
883 865 1096 903 ἐκλελύσθαι
1130 867 1368 904 παντάπασιν
1400 875 1434 904 et
1466 870 1571 905 Isocr.
1608 871 1735 913 l’aneg.
1768 870 1831 903 150

334 924 428 972 πρὸς
451 923 515 960 τὸν
538 923 706 971 πόλεμον
730 926 986 973 ἐκλελυμένος,
1010 927 1137 970 quibus
1163 937 1325 971 conpono
1350 939 1392 962 ex
1417 929 1666 964 recentioribus
1685 927 1829 972 Nicepb.

336 985 443 1020 l’hoc.
470 987 515 1020 de
540 987 607 1021 vel.
633 986 713 1021 bell.
738 997 772 1029 p.
801 986 877 1029 192,
909 987 948 1020 17
976 988 1026 1026 (οἱ
1049 987 1175 1029 ἵπποι)
1200 987 1240 1022 ἓν
1264 990 1381 1034 καιρῷ
1403 990 1569 1036 πολέμου
1598 988 1828 1035 ἐκλελυμένοι

334 1043 565 1093 εὑρίσκονται,
590 1046 679 1080 conl.
707 1044 931 1079 Schoemann
956 1046 1000 1079 ad
1017 1043 1148 1080 Cleom.
1173 1056 1207 1089 p.
1222 1047 1296 1081 181.
1323 1045 1522 1083 Ceterorum
1546 1056 1636 1089 quae
1660 1047 1695 1080 in
1712 1050 1832 1089 quarta

337 1107 580 1148 quaestionum
605 1105 772 1149 particula
797 1106 1028 1139 disseruimus
1052 1105 1122 1139 hoc
1146 1106 1290 1139 accedat
1314 1106 1612 1150 supplementum:

427 1163 510 1206 Pag.
540 1163 558 1195 7
576 1162 668 1196 adde
687 1163 809 1196 Athen.
831 1163 840 1194 Ι
859 1172 893 1206 p.
923 1163 964 1196 16
978 1173 998 1196 a
1013 1159 1127 1206 δήσας
1147 1161 1263 1197 ὀπίσω
1286 1161 1334 1197 w>
1347 1166 1447 1208 χεῖρε
1471 1163 1672 1208 δεδεμένον
1689 1161 1828 1197 ἐλαύνει

332 1226 366 1255 et
378 1221 479 1256 Hom.
509 1224 546 1255 Φ
569 1221 612 1255 30
641 1221 727 1264 δῆσε
752 1220 784 1255 δ’
805 1219 946 1256 ὀπίσσω
958 1225 1085 1268 χεῖρας
1109 1218 1340 1269 ἒυτμήτοισιν
1361 1224 1501 1269 ἱμᾶσιν,
1519 1223 1647 1266 quibus
1664 1222 1831 1266 exemplis

337 1293 392 1315 res
417 1281 529 1324 magis
557 1282 660 1315 etiam
683 1281 884 1316 absolvitur.
1877 1328 1882 1332 Α

426 1341 509 1383 Pag.
527 1341 558 1375 8.
581 1339 758 1384 Exemplis
776 1350 864 1383 quae
879 1345 998 1375 contra
1012 1341 1201 1384 loquuntur
1218 1343 1308 1376 adde
1323 1342 1403 1377 Aels
1414 1354 1445 1377 v.
1460 1342 1497 1378 h.
1512 1341 1604 1385 XIV,
1619 1343 1661 1376 22
1677 1342 1829 1388 ἀφίκετο

334 1398 382 1433 εἰς
398 1393 463 1439 τὴν
482 1391 636 1443 ἀγοράν,
650 1392 725 1430 εἶτα
751 1396 881 1430 ἕκλαε
907 1395 1014 1436 στὰς
1036 1399 1186 1436 πολλοῖς
1210 1395 1288 1443 ἅμα
1314 1400 1374 1432 καὶ
1394 1400 1563 1446 θ-ολεροῖς
1584 1397 1767 1445 δακρύοις,
1791 1404 1829 1433 ut

334 1465 426 1488 nunc
459 1455 504 1488 de
536 1455 743 1488 necessitate
780 1455 1034 1490 emendationis
1076 1466 1175 1490 meae
1215 1456 1460 1499 subdubitem,
1502 1467 1583 1491 cum
1626 1458 1828 1501 praesertim

333 1513 436 1546 etiam
460 1512 635 1546 Lucianus
660 1512 744 1547 Luc.
771 1513 813 1546 37
848 1514 914 1547 sibi
938 1513 1133 1556 permiserit
1167 1511 1264 1559 ὁρῶν
1300 1512 1342 1548 τὰ
1376 1516 1502 1561 πρῶτα
1534 1515 1690 1562 ἔτρεμον
1709 1512 1828 1555 ἑστώς,

333 1580 542 1614 quamquam
571 1570 666 1604 idem
692 1571 725 1604 in
752 1570 833 1606 dial.
862 1575 995 1606 meretr.
1026 1572 1080 1614 14,
1112 1573 1126 1606 1
1154 1575 1366 1616 praeoptavit
1389 1572 1520 1617 ἕστηκα
1544 1571 1726 1619 δακρύων.
1749 1580 1752 1584 ’
1772 1574 1830 1609 Ut-

333 1637 471 1671 cunque
494 1639 548 1661 res
577 1633 642 1671 est,
669 1629 776 1663 multo
805 1633 897 1662 certe
923 1629 1156 1672 frequentius,
1196 1640 1298 1673 quam
1336 1642 1403 1675 ego
1432 1636 1465 1665 et
1493 1632 1683 1666 lexicon-um
1707 1633 1829 1666 condi·

332 1690 424 1719 tores
462 1686 590 1728 opinati
626 1695 770 1728 sumus,
807 1687 898 1730 apud
930 1696 1056 1730 prosae
1089 1687 1254 1722 orationis
1289 1689 1476 1732 scriptores
1513 1691 1661 1723 occurrit
1690 1692 1829 1725 στένειν

332 1743 436 1778 veluti
461 1743 544 1785 Luc.
573 1743 653 1778 dial.
681 1747 815 1778 meretr.
849 1744 902 1786 11,
925 1745 940 1777 1
967 1743 1050 1778 Luc.
1072 1745 1115 1778 35
1140 1743 1299 1789 Xenoph.
1317 1745 1446 1789 Ephes.
1471 1745 1519 1789 11,
1545 1747 1564 1782 8
1589 1746 1755 1782 Themist.
1782 1758 1831 1782 or.

331 1814 364 1848 p.
391 1803 465 1836 92a
498 1803 563 1836 Dio
589 1802 767 1849 Chrysost.
795 1815 843 1837 or.
869 1802 989 1836 XLVI!
1015 1814 1048 1847 p.
1079 1803 1156 1847 135,
1186 1805 1226 1837 15
1254 1804 1292 1839 D.
1342 1803 1377 1839 S.
1404 1803 1525 1851 Chrys.
1556 1816 1590 1849 p.
1618 1806 1702 1848 186,
1729 1807 1770 1840 10
1795 1816 1828 1849 p.

331 1865 412 1906 393,
440 1866 460 1898 6
486 1875 519 1908 p.
545 1863 625 1907 395,
651 1866 671 1898 6
697 1865 795 1897 Anna
819 1862 941 1898 Comn.
970 1874 1003 1907 p.
1031 1853 1088 1907 2'1,
1117 1864 1137 1897 3
1163 1875 1194 1908 p.
1221 1865 1301 1907 247,
1328 1865 1347 1898 8
1375 1865 1473 1908 (alias
1499 1876 1532 1909 p.
1557 1866 1614 1908 22,
1642 1866 1683 1899 15
1707 1866 1742 1898 in
1758 1875 1829 1900 aor.

332 1922 506 1964 στενάξας
528 1926 588 1958 καὶ
615 1921 874 1972 ἐπιδακρύσας)
901 1923 1022 1958 Zonar.
1047 1924 1169 1958 Annal.
1196 1925 1223 1967 Ι,
1249 1926 1269 1958 3
1294 1935 1327 1968 p.
1357 1925 1413 1967 24,
1446 1925 1497 1959 11.
1555 1924 1606 1958 De
1628 1926 1737 1960 verbo
1763 1938 1827 1960 w-

332 1980 451 2027 ρεύειν
478 1984 624 2027 figurate
652 1982 745 2016 dicto
780 1982 1012 2016 conserendus
1044 1982 1160 2017 adhuc
1191 1982 1311 2017 Zonar.
1337 1983 1359 2018 1.
1386 1984 1408 2018 1.
1440 1982 1505 2027 lli,
1536 1984 1555 2016 5
1580 1994 1614 2027 p.
1640 1984 1720 2027 221,
1749 1985 1767 2018 7
1794 1990 1828 2018 et

332 2043 527 2089 Theophyl.
553 2043 632 2077 hist.
659 2042 705 2075 lv
730 2053 763 2086 p.
795 2043 872 2085 158,
902 2043 956 2078 11.
982 2040 1000 2077 ὅ
1026 2040 1206 2089 ἐμφύλιος
1233 2039 1512 2091 κατατυρεύεται
1537 2040 1708 2089 πόλεμος.

421 2104 503 2146 Pag.
533 2104 573 2136 10
598 2112 673 2145 sqq.
700 2103 810 2136 adde:
846 2099 988 2149 χρόνον
1009 2100 1128 2138 πολύν
1154 2104 1281 2137 eodem
1307 2105 1378 2137 sere
1405 2114 1543 2147 semper
1578 2105 1699 2138 ordine
1731 2106 1829 2148 ponit

332 2164 524 2207 Procopius
557 2162 662 2197 veluti
685 2161 765 2196 hist.
795 2173 862 2197 arc.
889 2173 922 2206 p.
946 2163 1010 2204 94,
1040 2164 1077 2196 11
1104 2173 1137 2206 p.
1168 2164 1224 2206 98,
1252 2164 1295 2197 23
1321 2168 1385 2198 ete.
1413 2168 1445 2197 et
1469 2164 1704 2207 probatiorum
1722 2164 1827 2198 Athe—

335 2234 464 2264 naeus;
499 2224 692 2266 permutato
721 2222 862 2264 ordine,
899 2231 1003 2265 quem
1036 2232 1114 2255 eum
1147 2215 1286 2265 gravius
1318 2223 1479 2265 anteponi
1510 2227 1665 2265 oporteat
1692 2222 1826 2265 leviori,

333 2295 399 2318 usu
413 2284 526 2326 magis
543 2284 658 2317 tritum
678 2283 747 2317 dixi
765 2285 965 2326 praesertim
985 2283 1076 2326 apud
1095 2281 1329 2325 Plutarchum,
1348 2283 1520 2316 invenitur
1537 2283 1638 2316 etiam
1650 2281 1770 2328 Symp.
1781 2283 1825 2326 V,

331 2343 364 2383 7,
384 2342 403 2374 5
422 2351 454 2384 p.
474 2341 539 2375 682
551 2351 582 2383 e,
603 2341 702 2374 cuius
727 2340 978 2374 conlocationis
994 2341 1161 2383 primitias
1177 2345 1210 2374 et
1225 2341 1324 2383 quasi
1340 2340 1527 2374 libamenta
1542 2341 1639 2375 dedit
1656 2340 1828 2375 Homerus

331 2404 362 2434 Γ
376 2400 488 2447 τοιῇδ’
505 2401 608 2446 α’μφὶ
624 2400 771 2445 γυναικὶ
794 2397 913 2433 πολὺν
930 2395 1070 2446 χρόνον
1095 2395 1208 2445 ι’ἰλγεα
1226 2395 1391 2444 πάσχειν.
1418 2395 1548 2438 Πόλεις
1560 2394 1671 2438 fimas
1687 2398 1827 2439 πολλὰς

330 2460 495 2503 conponit
527 2460 629 2492 etiam
662 2459 760 2491 Anna
795 2456 915 2492 Comn.
948 2467 980 2501 p.
1017 2458 1081 2500 22,
1115 2457 1146 2492 3.
1203 2456 1334 2490 Eadem
1366 2457 1584 2490 consuetudo
1622 2458 1744 2500 evicit,
1785 2463 1822 2492 ut

331 2519 423 2561 apud
440 2518 664 2552 Heliodorum
686 2516 734 2560 11,
753 2517 773 2551 3
798 2521 984 2561 poneretur
1000 2515 1068 2551 σὺν
1092 2517 1214 2564 ἱδρῶτι
1241 2518 1367 2560 πολλῷ
1390 2517 1479 2551 conl.
1498 2516 1619 2552 Athen.
1636 2517 1714 2561 Vp.
1738 2517 1828 2552 178f

330 2579 496 2617 (πολλοῖς
530 2577 656 2622 ἱδρῶσι
688 2579 750 2611 καὶ
781 2578 935 2625 αἶ’μασιν
957 2576 1028 2610 Leo
1054 2575 1150 2610 Diac.
1183 2586 1218 2620 p.
1253 2577 1335 2618 176,
1366 2577 1443 2618 17),
1475 2574 1544 2610 σὺν
1578 2575 1672 2620 τόνῳ
1704 2577 1827 2620 πολλῷ

330 2633 457 2668 Zosim.
483 2644 516 2678 p.
550 2635 616 2667 459
643 2635 687 2676 d,
724 2643 933 2677 quamquam
959 2633 1054 2666 idem
1082 2644 1124 2667 ex
1148 2633 1251 2667 solito
1274 2629 1436 2675 varissit,
1463 2643 1542 2666 cum
1567 2633 1735 2668 scriberet
1757 2631 1826 2668 σὺν

329 2693 454 2736 πολλῷ
478 2689 579 2736 πόνῳ
606 2703 639 2735 p.
666 2693 761 2726 453a
785 2696 819 2727 ct
845 2703 878 2736 p.
902 2692 1001 2727 4581)
1029 2695 1143 2742 (versa
1164 2696 1279 2726 tamen
1304 2692 1381 2726 vice
1399 2684 1524 2735 p.‘3ffl)
1550 2697 1581 2730 c)
1612 2697 1646 2726 et
1668 2703 1701 2736 p.
1725 2693 1823 2728 3431)

330 2748 399 2785 σὺν
424 2749 466 2784 οὐ
492 2752 615 2795 πολλῷ
646 2750 761 2796 πόνῳ.
811 2750 987 2786 contrario
1024 2762 1142 2785 rursus
1177 2752 1283 2785 modo
1309 2748 1413 2796 πόνῳ
1440 2753 1564 2796 πολλῷ
1591 2751 1663 2785 sere
1687 2762 1826 2795 semper

330 2806 541 2849 Procopius,
570 2808 675 2842 veluti
703 2807 783 2843 hist.
811 2807 906 2851 goth.
932 2818 965 2852 p.
992 2808 1079 2850 381,
1114 2809 1131 2841 7
1159 2818 1191 2851 p.
1221 2807 1306 2851 513,
1337 2808 1376 2842 16
1401 2818 1436 2851 p.
1465 2809 1550 2851 526,
1577 2809 1598 2842 4
1626 2818 1660 2852 p.
1687 2808 1773 2851 532,
1801 2809 1821 2841 9

328 2874 361 2907 p.
389 2863 479 2906 587,
506 2864 545 2896 21
577 2863 658 2899 hist.
685 2874 752 2899 arc.
782 2875 814 2908 p.
842 2865 928 2907 126,
956 2864 975 2897 2
1002 2867 1103 2906 atque
1128 2862 1284 2897 similiter
1308 2863 1372 2903 ξὺν
1397 2863 1471 2898 δέει
1495 2865 1620 2908 πολλῷ
1645 2862 1725 2898 hist.
1754 2873 1822 2898 are.

327 2930 361 2964 p.
386 2919 450 2962 25,
479 2920 493 2952 1
522 2920 622 2954 Anna
644 2918 764 2955 Comn.
790 2932 825 2965 p.
854 2921 933 2964 288,
949 2921 990 2963 5;
1018 2918 1083 2960 ξὺν
1106 2916 1231 2967 τρόμῳ
1254 2921 1379 2964 πολλῷ
1394 2919 1540 2963 Procop.
1565 2918 1685 2956 h.are.
1709 2929 1743 2963 p.
1765 2919 1822 2963 32,

1321 3030 1327 3053 1
