1962 3314
219 240 365 297 w
391 240 496 300 περὶ
521 243 604 285 τοῦ
630 239 748 295 τίνες
776 239 939 301 κυρίως
977 238 1019 285 οἱ
1063 240 1344 296 παλαμναῖοι
1371 239 1477 285 Chil.
1507 240 1611 294 Vll,
1645 245 1723 287 123

221 307 630 369 fflJelnhinun
652 308 911 352 mentionem
939 308 1043 353 fecit
1068 308 1137 352 his
1164 307 1304 352 verbis

260 395 265 397 ·
368 377 568 432 Τελχῖνες
597 372 709 436 ἦσαν
738 378 792 436 δή
822 394 940 431 τινες
968 380 1053 422 τῶν
1081 379 1320 436 φθονερῶν
1350 373 1578 432 δαιμόνων

356 507 485 560 οὗτοι
513 515 671 573 «myris
698 518 761 573 τῷ
790 514 918 559 ὕδατι
945 514 1172 575 ῥαίνοντες
1197 515 1274 571 γῆν
1303 509 1536 572 ἢκόρπουν

213 585 262 627 ot
282 581 477 627 Μὴ.
504 595 546 637 p.
569 586 662 633 77¹,
683 586 737 628 55
767 581 831 625 ed.
851 582 981 633 Rom„
1009 582 1128 625 cuius
1157 581 1290 624 menti
1320 594 1406 624 non
1433 580 1584 624 dubito
1612 581 1717 639 quin

211 652 327 699 idm
345 652 566 714 Strabonis
585 652 701 697 locus
723 654 901 698 obscure
919 654 1164 698 obversatus
1189 652 1327 702 fuerit,
1356 652 1446 706 ipse
1467 650 1643 694 Nonnus
1668 650 1715 693 in

213 719 319 772 loco,
345 734 474 777 quem
491 734 621 776 supra
641 720 851 765 Lobeckio
878 724 1051 764 auctore
1072 719 1289 774 adscripsi,
1323 722 1568 763 constanter
1598 722 1718 771 tenet

214 787 388 834 vebum
417 786 591 848 ῥαίνειν
631 788 699 831 vel
735 785 1062 847 περιρραίνειν,
1102 791 1150 830 ut
1177 787 1307 831 etiam
1343 786 1457 842 apud
1484 786 1716 830 Zenobium

214 854 331 903 Ceut..
358 855 417 907 V,
443 860 494 901 41
526 870 567 911 p.
601 860 701 907 137,
728 857 801 912 qui
830 856 943 900 idem
973 855 1221 900 Telchinum
1249 854 1420 906 facinus,
1456 854 1571 897 virus
1596 868 1714 898 acer—

213 922 364 969 bituris
389 922 436 966 in
461 937 586 980 agros
613 922 928 971 effundentium,
955 922 1018 966 ita
1037 923 1159 967 nobis
1185 926 1285 966 ante
1304 922 1446 966 oculos
1472 922 1595 977 ponit
1609 916 1712 966 οἶδα

205 990 394 1051 ,Σίμωνα
415 992 490 1036 καὶ
509 991 660 1048 Σίμων
678 991 757 1047 ἐμέ
767 1008 776 1016 ·
814 990 1030 1046 Τελχίνων
1051 990 1184 1051 φύσει
1205 989 1440 1047 βασκάνων
1459 987 1611 1035 ὄντων·
1638 989 1718 1034 καὶ

211 1061 297 1122 γὰρ
325 1064 388 1121 τῷ
416 1063 491 1119 τῆς
516 1060 675 1118 στιιγὸς
710 1059 839 1105 ὕδατι
869 1060 947 1118 τὴν
973 1061 1049 1118 γῆν
1085 1059 1510 1119 καταρρέοντες
1546 1054 1716 1116 α’ρνὸν

216 1130 421 1185 ἐποίουν,
459 1131 692 1176 rectissime
726 1130 781 1174 ab
810 1129 959 1174 eodem
988 1128 1198 1172 Lobeckio
1225 1127 1496 1172 emendatum
1523 1125 1716 1171 videatur

214 1199 711 1261 καταρραίνοντες
757 1194 1027 1258 ἄκαρπον
1076 1196 1280 1250 ἐποίουν,
1329 1211 1586 1253 quamquam
1636 1209 1713 1250 pro

215 1267 422 1332 ἄκαρπον
458 1271 609 1316 vellem
637 1270 873 1325 scripsisset
909 1265 938 1312 ἀ
952 1285 979 1326 ρ
998 1284 1024 1326 y
1038 1266 1063 1310 ό
1079 1286 1114 1311 ι’.
1175 1267 1366 1323 Denique
1394 1265 1630 1310 Meinekius
1666 1265 1712 1308 in

214 1343 420 1400 proximis
447 1356 526 1399 pro
551 1339 672 1399 ζῴων
689 1341 831 1396 posuit
859 1339 1001 1400 ῥιζῶν,
1032 1339 1152 1382 cuiu's
1174 1337 1422 1383 mutationis
1437 1351 1608 1381 causam
1634 1350 1714 1394 ego

213 1411 336 1458 video
354 1411 525 1456 nullam.
563 1411 614 1455 In
635 1410 859 1466 propatulo
879 1413 943 1453 est
961 1409 1093 1459 enim,
1122 1408 1230 1452 nihil
1248 1407 1461 1452 efficacius
1483 1406 1567 1450 dici
1590 1421 1714 1462 posse

213 1481 270 1526 ad
298 1479 635 1538 persuadendum
671 1494 800 1536 quam
838 1479 1077 1534 perniciosa
1109 1477 1238 1521 fuerit
1277 1477 1403 1534 stygii
1436 1476 1613 1533 liquoris
1636 1476 1708 1520 ad·

213 1566 378 1610 spei-go,
393 1566 521 1608 quam
541 1551 576 1594 si
595 1550 701 1594 adeo
718 1550 887 1605 plenam
906 1549 1004 1592 inde
1024 1552 1286 1604 procreatam
1302 1547 1428 1591 fuisse
1449 1547 1714 1604 geographus

212 1623 330 1669 dicat
346 1621 589 1679 perniciem,
609 1624 658 1664 ut
675 1619 877 1676 quicquid
898 1618 996 1662 inde
1013 1621 1222 1675 gustasset
1239 1620 1410 1672 praeter
1420 1616 1620 1667 homines,
1638 1617 1710 1672 qui

211 1693 312 1738 vieti
339 1692 535 1749 pulsique
562 1695 668 1734 tanta
682 1691 898 1744 fructuum
930 1691 1232 1744 animaliumque
1258 1691 1330 1744 qui
1355 1689 1444 1731 inde
1475 1691 1713 1731 macerentur

211 1762 430 1804 ωῖαιιίὶαέε
454 1758 497 1801 in
518 1757 680 1801 alienas
699 1756 893 1813 regiones
909 1770 954 1799 se
974 1759 1234 1810 receperunt,
1259 1754 1428 1810 penitus
1448 1754 1655 1797 interiret.

239 1843 242 1845 ’
324 1825 404 1871 His
420 1825 483 1869 ita
499 1824 698 1880 perfectis
724 1823 780 1867 ad
798 1823 1070 1867 Plutarchum
1100 1822 1237 1866 redeo.
1281 1822 1419 1878 Supra
1445 1823 1711 1866 observatum

210 1900 276 1942 est·
313 1896 351 1940 si
387 1894 558 1952 quando
595 1894 712 1937 locus
748 1892 862 1948 apud
901 1892 1173 1936 Plutarchum
1211 1891 1277 1936 vel
1320 1891 1438 1935 nulla
1477 1892 1711 1936 sententiae

210 1965 308 2010 labe
324 1963 587 2019 corruptelae
611 1966 816 2019 arguatur
842 1962 907 2005 vel
929 1962 1098 2018 quando
1127 1962 1279 2005 vitiosa
1295 1962 1486 2005 codicum
1503 1962 1714 2017 scriptura

208 2035 315 2080 satis
348 2033 628 2091 probabiliter
665 2032 720 2076 ab
756 2032 991 2077 editoribus
1027 2032 1205 2088 aliisque
1246 2033 1474 2077 emendata
1508 2032 1711 2078 videatur,

210 2102 416 2148 voc-‚lium
457 2106 600 2147 tamen
625 2115 873 2145 concursum
901 2100 1159 2144 tutissimum
1186 2115 1275 2144 esse
1316 2100 1532 2157 gliscentis
1571 2100 1710 2144 adhuc

209 2174 302 2220 vitii
348 2172 562 2218 indicium.
632 2171 758 2215 Cuius
793 2172 1030 2228 argumenti
1078 2185 1162 2228 quo
1199 2171 1368 2227 gravius
1405 2185 1496 2214 esse
1546 2170 1711 2226 pondus

210 2243 503 2301 intellegatur,
540 2242 725 2292 duobus.
764 2256 859 2286 cum
885 2242 1041 2298 possim
1069 2242 1279 2297 pluribus,
1305 2241 1508 2297 exemplis
1537 2241 1706 2286 demon·

210 2312 367 2359 stu-abo.
433 2312 501 2357 Ita
536 2316 650 2356 recte
691 2312 841 2355 vitium
880 2311 1049 2356 subesse
1088 2315 1391 2367 perspexerunt
1437 2310 1619 2355 editores
1663 2311 1708 2354 in

210 2382 350 2440 Symp.
367 2381 441 2434 vl,
461 2386 498 2434 4,
525 2386 543 2427 1
577 2395 616 2437 p.
633 2385 759 2433 6906,
789 2381 861 2425 ubi
884 2381 1133 2425 Plutarchus
1161 2381 1461 2437 disputaturus,
1492 2395 1569 2425 cur
1596 2395 1710 2438 aqua

211 2467 235 2496 e
266 2453 394 2507 puoeo
422 2449 591 2502 hausta,
619 2449 654 2492 si
680 2464 752 2493 vas
781 2463 864 2506 quo
893 2450 1133 2493 continetur
1163 2450 1207 2492 in
1233 2449 1324 2504 ipso
1351 2449 1468 2505 putei
1507 2452 1605 2494 aere
1633 2463 1710 2505 per

212 2523 377 2564 noctem
397 2518 686 2574 suspendatur,
704 2518 900 2576 frigidior
921 2519 996 2563 tiat
1008 2533 1141 2576 quam
1160 2534 1308 2563 recens
1325 2519 1484 2570 hausta,
1506 2518 1586 2563 boc
1604 2518 1711 2563 dicit

212 2589 302 2634 πᾶν
342 2586 460 2647 ὕδωρ
502 2588 852 2647 προθερμανθὲν
896 2588 1079 2645 ψύχεται
1121 2589 1310 2643 μᾶλλον,
1352 2586 1505 2648 ὥσπερ
1534 2587 1586 2631 τὰ
1615 2592 1708 2642 τοῖς

209 2654 443 2711 βασιλεῦσι
482 2651 947 2712 παρασκευαζόμενον,
991 2652 1126 2698 ὅταν
1167 2652 1327 2713 ἑψηθῇ
1363 2654 1491 2713 μέχρι
1535 2653 1706 2708 ζέσεως,

213 2722 561 2786 περισωρεύουσι
592 2726 656 2783 τῷ
680 2720 842 2784 ἀγγείῳ
869 2723 997 2780 χιόνα
1029 2725 1210 2784 πολλὴν,
1240 2724 1314 2769 καὶ
1345 2723 1509 2783 γίνεται
1539 2724 1708 2784 ψυχρό-

209 2809 362 2854 τερον·
403 2791 558 2854 ὥσπερ
597 2789 752 2850 ἀμέλει
787 2794 862 2839 καὶ
890 2794 946 2839 τὰ
978 2792 1169 2853 ἡμέτερα
1200 2792 1385 2851 σώματα
1424 2795 1709 2852 λουσαμένων

212 2862 509 2926 περιψύχεται
538 2864 726 2920 μᾶλλον·
753 2861 779 2925 ἡ
807 2864 890 2926 γὰρ
920 2862 1008 2911 ὑπὸ
1038 2868 1113 2924 τῆς
1138 2862 1417 2926 θερμότητος
1445 2862 1594 2921 ι’ίνεσις
1624 2883 1708 2911 πο-
