1962 3314
341 225 509 281 quando
543 226 632 268 irae
672 226 843 270 obnoxii
882 228 976 270 sint.
1050 228 1197 284 Itaque
1228 230 1474 285 gravissima
1502 231 1626 274 huius
1662 231 1833 286 quidem

342 296 484 338 hiatus
525 296 749 339 insolentia
787 297 853 340 vel
893 301 1068 351 propter
1110 299 1342 342 sententiae
1393 300 1531 343 labem
1583 299 1835 343 removenda

340 369 432 408 erat
470 365 597 420 idque
641 366 974 408 commodissime
1015 367 1115 409 fecit
1155 368 1403 412 Benselerus
1442 370 1662 414 scribendo
1702 368 1831 413 ἐπι-

339 435 815 490 ταραττομένοις.

454 500 562 542 Item
581 501 669 543 sine
689 501 816 544 dubio
836 501 1097 545 damnandus
1116 507 1226 546 esset
1242 504 1382 547 hiatus
1397 505 1520 558 VIII,
1549 510 1592 558 3,
1614 511 1638 550 ὃ
1654 520 1694 560 p.
1712 509 1792 549 722
1805 505 1833 548 d

339 563 580 622 ὑπολαβών
610 569 658 611 δὲ
694 567 952 628 Θράσυλλος
985 568 1007 612 ὁ
1034 568 1287 627 Ἀμμωνίου
1322 574 1434 626 υἱός,
1467 576 1549 618 nisi
1587 580 1832 631 conpertum

339 639 590 682 haberemus
618 655 703 682 non
728 641 1021 685 reformidasse
1043 643 1314 687 Plutarchum
1341 646 1502 689 hiatum
1523 648 1569 690 in
1590 649 1830 691 nominibus

297 760 300 765 ‚
336 709 539 762 propriis,
570 713 617 751 ut
645 709 690 751 in
719 710 784 752 his
815 712 893 752 τοῦ
929 709 1181 765 Τελεμάχου
1213 711 1506 770 ἐπιφανέντος
1533 714 1590 771 (Ρ.
1619 721 1700 760 704
1713 717 1756 770 a)
1787 719 1830 758 et

340 779 676 837 Καλλιστράτου
698 778 902 831 εἰπόντος
926 782 979 835 (Ρ.
998 786 1078 825 705
1093 782 1137 838 b)
1160 786 1202 824 et
1227 783 1337 841 πρὸς
1357 787 1494 827 ταῦτα
1518 788 1582 842 τῷ
1595 782 1828 844 Ἀρίστωνι

339 844 517 891 ἀντεῖπε
555 850 634 903 μὲν
667 845 816 901 οὐδείς
857 850 914 905 (Ρ.
956 854 1037 903 657
1058 850 1104 906 (1)
1142 855 1183 893 et
1221 866 1328 906 quae
1369 857 1466 894 sunt
1502 853 1656 895 similia
1685 853 1829 905 multa,

337 933 591 973 quamquam
633 919 738 961 alias
780 935 804 975 η
849 922 890 961 et
932 934 983 960 οι)
1021 919 1183 961 hiatum
1227 923 1372 962 creant
1410 921 1717 975 turpissimum,
1757 920 1830 975 qui

337 984 507 1040 quidem
530 985 796 1028 damnatione
817 1000 1021 1040 nusquam
1052 986 1243 1028 videatur
1262 987 1389 1029 eximi
1408 1001 1539 1041 posse.
1569 987 1650 1029 Sed
1662 986 1707 1028 id
1725 986 1834 1032 alius

336 1056 418 1098 erit
446 1056 710 1098 tractationis
738 1056 863 1098 locus.
936 1055 1058 1098 Nunc
1086 1071 1218 1098 unum
1247 1057 1382 1099 adicio
1412 1057 1508 1108 hoc,
1538 1057 1671 1099 multo
1699 1057 1824 1099 tutio—

333 1139 423 1167 rem
454 1125 585 1167 videri
616 1126 822 1167 vocalium
852 1140 1116 1178 concursum,
1147 1126 1332 1181 quando,
1366 1130 1413 1168 ut
1439 1141 1567 1181 supra
1591 1128 1827 1169 monuimus

334 1208 372 1247 p.
401 1198 469 1246 32,
507 1194 561 1236 ad
589 1195 767 1237 aliorum
796 1197 1066 1249 scriptorum,
1098 1196 1238 1238 hiatus
1268 1196 1383 1238 haud
1414 1197 1730 1250 inpatientium,
1757 1211 1820 1240 re·
1847 1238 1850 1241 ,

334 1266 510 1319 spicitur
548 1267 736 1311 dicteria.
814 1267 977 1318 Veluti,
1013 1271 1060 1310 ut
1098 1268 1163 1309 his
1206 1271 1322 1320 utar,
1363 1268 1408 1309 in
1437 1267 1681 1324 pervolgato
1709 1269 1822 1324 regis

333 1337 587 1391 Aethiopum
626 1338 934 1380 macrobiorum
973 1337 1085 1380 dicto
1122 1351 1161 1391 p.
1190 1341 1270 1381 646
1289 1338 1335 1389 b,
1378 1338 1488 1393 quod
1529 1338 1730 1382 delibavit
1772 1354 1825 1382 ex

332 1405 546 1447 Herodoto
563 1405 645 1457 III,
677 1409 749 1457 22,
778 1406 895 1448 nulla
916 1406 1104 1460 profecto
1123 1410 1215 1448 erat
1237 1421 1360 1449 causa
1387 1421 1460 1449 cur
1489 1407 1701 1463 refugeret
1728 1407 1822 1450 Plu-

330 1478 502 1520 tarchus
532 1478 694 1519 hiatum
726 1492 820 1519 cum
848 1478 1080 1532 scripturus
1109 1481 1219 1520 esset
1246 1476 1407 1536 δολερὰ
1442 1476 1601 1532 εἳζιιατα
1629 1478 1703 1521 καὶ
1729 1476 1825 1535 χρί-
1894 1506 1897 1509 v

334 1563 502 1601 σματα,
535 1547 763 1602 eademque
793 1547 965 1590 licentia
994 1562 1092 1590 usus
1129 1547 1294 1589 videtur
1329 1548 1374 1589 in
1403 1548 1454 1590 iis
1493 1563 1600 1603 quae
1628 1547 1828 1602 produxit

330 1630 369 1669 p.
402 1619 483 1659 692
503 1616 523 1657 f
559 1631 610 1659 ex
640 1617 783 1672 ignoto
818 1617 1099 1660 versificatore
1127 1616 1177 1674 (ὃ
1211 1614 1352 1675 οἶνος)
1398 1617 1595 1677 ἐλαφρὸς
1622 1618 1696 1662 καὶ
1726 1614 1828 1662 ἄνευ
1854 1645 1857 1648 ·

333 1682 465 1743 ὀργῆς
492 1682 777 1743 ἀναμίγνυται
810 1683 923 1745 ἡμῖν,
959 1702 1066 1742 quae
1097 1703 1239 1731 versus
1265 1688 1425 1730 heroici
1453 1687 1681 1730 clausulam
1703 1702 1833 1743 prae-⁷

333 1757 446 1801 bent.
505 1757 665 1800 Eadem
692 1758 868 1801 fortasse
899 1759 1110 1801 excusatio
1137 1759 1325 1813 praetexi
1354 1759 1511 1812 poterit
1537 1758 1671 1801 Eveni
1697 1759 1820 1801 scita-

328 1830 469 1869 mento
497 1841 536 1880 Ρ.
568 1827 689 1870 697d
716 1825 766 1869 τὸ
797 1829 883 1886 πῦρ
912 1825 1090 1885 ἥδιστον
1121 1823 1231 1870 εἶναι
1262 1825 1538 1886 ἡδυσμάτων,
1571 1843 1825 1884 quamquam

328 1898 536 1937 retroacto
581 1896 728 1938 ordine
773 1897 901 1939 scribi
944 1901 1111 1951 poterat
1162 1895 1280 1954 ἥδιστ
1291 1914 1339 1940 ον
1390 1894 1651 1955 ἡδυσμάτων
1698 1893 1822 1941 εἶναι.

330 1964 442 2006 Illud
470 1968 611 2008 autem
646 1966 758 2021 quod
795 1967 936 2020 priore
965 1967 1057 2009 loco
1085 1968 1202 2009 iuxta
1232 1968 1372 2021 posuit
1411 1962 1512 2010 ἄνευ
1544 1963 1672 2025 ὀργῆς
1699 1982 1821 2010 nemo

330 2033 590 2088 gravabitur,
639 2034 711 2088 qui
760 2034 1001 2076 meminerit
1045 2029 1146 2076 ἄνω)
1196 2034 1371 2088 perinde
1417 2037 1542 2089 atque
1588 2038 1823 2077 ceterarum

329 2103 697 2156 praepositionum,
728 2103 858 2145 veluti
892 2100 993 2160 πρό,
1026 2103 1262 2159 legitimum
1291 2118 1379 2146 esse
1408 2103 1521 2157 apud
1552 2103 1822 2146 Plutarchum

330 2172 507 2224 hiatum,
539 2188 646 2228 quae
668 2173 840 2216 licentia
857 2173 1102 2228 perduravit
1119 2173 1173 2216 ad
1195 2173 1471 2219 Prodromum
1486 2188 1617 2228 usque
1640 2177 1818 2216 ceteros—

332 2259 411 2298 que
439 2244 733 2299 Byzantiorum
764 2248 910 2298 poetas
939 2249 982 2287 et
1003 2245 1269 2287 Eustathium
1295 2244 1447 2300 (quode
1477 2244 1695 2287 adnotavit
1713 2244 1818 2287 Her-

332 2314 481 2356 cherus
501 2314 555 2356 ad
575 2315 729 2357 Erotio.
750 2314 793 2356 Il
814 2328 854 2368 p.
872 2314 996 2371 LVI).
1035 2314 1124 2365 Quo
1147 2314 1192 2356 in
1215 2328 1366 2369 genere
1387 2313 1495 2355 nihil
1513 2317 1576 2355 est
1593 2314 1819 2357 memoriae

329 2382 589 2434 praesentius
619 2397 745 2437 quam
776 2376 878 2424 ἄνευ
899 2379 1061 2432 ὕδατος
1079 2395 1120 2435 Ρ.
1142 2380 1258 2424 664f
1282 2384 1329 2422 et⁴
1346 2378 1433 2438 πρὸ
1459 2376 1632 2437 ἡλικίας
1652 2394 1692 2434 p.
1713 2380 1828 2424 652f
1856 2435 1859 2440 Ι

329 2455 373 2495 et
394 2451 482 2510 πρὸ
506 2448 708 2504 ὁπλιτῶν,
742 2452 854 2508 quod
883 2453 1034 2494 merito
1060 2467 1125 2494 me
1150 2452 1385 2494 restituisse
1415 2451 1636 2494 credebam
1657 2451 1818 2494 Plutar—

332 2522 409 2563 cho
440 2535 478 2575 p.
500 2525 580 2565 733
594 2522 625 2573 f,
656 2522 811 2565 iniuria
840 2522 1122 2576 vituperatum
1149 2522 1200 2564 ob
1231 2522 1393 2564 hiatum
1423 2526 1579 2564 temere
1609 2523 1819 2566 invectum

331 2604 358 2631 a
388 2588 630 2633 Schnitzero
672 2605 764 2634 meo
803 2591 848 2633 in
879 2591 1146 2646 Ephemerid.
1183 2591 1374 2634 Heidelb.
1410 2595 1516 2636 1862
1546 2605 1585 2646 Ρ.
1615 2596 1697 2636 427
1730 2593 1816 2647 (cfr.

329 2657 513 2701 Sintenis
541 2659 590 2701 de
619 2660 737 2703 hiatu
765 2675 804 2715 p.
837 2662 955 2716 328),
995 2674 1249 2716 quamquam
1278 2661 1323 2703 in
1352 2661 1418 2704 his
1447 2661 1511 2704 vel
1540 2666 1724 2716 propter
1743 2664 1814 2706 ad-

329 2727 602 2780 spirationem
630 2730 835 2771 vocalium
866 2729 1176 2773 succedentium
1204 2730 1345 2773 hiatus
1371 2745 1454 2773 non
1484 2731 1625 2775 officit.

443 2795 600 2837 Eadem
631 2797 718 2838 sine
749 2797 876 2840 dubio
904 2801 1014 2840 esset
1049 2798 1158 2840 ratio
1186 2812 1235 2840 ac
1264 2798 1464 2841 facillima
1500 2799 1712 2842 excusatio
1737 2799 1819 2843 loci

300 2864 389 2916 'II,
422 2868 490 2917 10,
521 2868 546 2906 2
576 2879 614 2918 Ρ.
650 2870 765 2909 6440
807 2864 921 2909 ἀλλὰ
951 2862 1030 2909 κᾶν
1059 2866 1279 2925 ἐρωμένην
1316 2884 1383 2919 τις
1414 2863 1440 2924 ἢ
1472 2867 1694 2927 ψάλτριαν
1722 2867 1819 2926 ἥκει
