1962 3314
940 134 1220 177 ..84-

336 246 452 302 έχει
489 248 582 297 τοῖς
622 240 720 303 ἀέρι
751 244 825 288 καὶ
863 242 1008 303 δρόσῳ
1046 244 1242 302 λέγουσι,
1287 243 1497 304 καθάπερ
1539 242 1579 287 οἳ
1619 242 1823 300 τέττιγες,

335 314 592 368 σιτούμενον
610 314 638 356 i.
670 328 704 359 e.
722 317 998 370 yramssimum
1019 318 1195 370 praestat
1213 319 1473 358 testimonium
1493 318 1561 367 είς,
1592 315 1664 370 qui
1682 321 1773 356 ae're
1792 316 1830 356 et

330 402 416 428 rore
443 386 663 427 cicadarum
692 387 817 427 instar
846 399 934 427 eum
959 385 1018 426 ali
1035 385 1288 439 praedicant,
1330 384 1375 426 in
1410 384 1562 439 quibus
1590 396 1713 426 nemo
1740 395 1827 424 am·

333 453 443 507 plius
470 452 674 495 haerebit.
721 451 882 494 Eadem
910 452 955 493 ni
986 451 1109 494 fallor
1135 466 1262 506 quam
1291 465 1419 506 supra
1447 450 1679 507 significavi
1706 463 1826 504 prae-

332 522 585 576 positionum
626 524 788 577 strages
829 522 970 578 gliscit
1008 522 1053 563 in
1094 521 1186 564 loco
1214 520 1318 573 VII,
1352 526 1386 573 1,
1417 525 1441 566 3
1480 535 1519 576 p.
1548 519 1664 565 699f
1691 514 1827 562 οὐθὲν

331 591 446 635 ἰδίου
478 589 621 650 πόρου
655 592 797 635 δεῖται
824 591 875 634 τὸ
907 590 1164 651 περίττευμα
1201 593 1279 649 τῆς
1317 587 1452 650 ὑγρᾶς
1494 591 1684 650 τροφῆς,
1716 581 1831 632 ἀλλά

332 655 395 713 εἷς
424 658 551 720 ἀρκεῖ
578 662 652 705 καὶ
684 661 839 715 κοινὸς,
881 660 1033 720 ὥσπερ
1065 658 1259 713 εὐδιαῖος
1301 659 1576 721 ἀμφοτέροις
1603 659 1667 712 εἰς
1693 652 1828 704 ταύτὸ

339 731 428 774 διὰ
458 729 664 775 ταύτοῦ
694 729 1215 787 εἶσκομιζομένοις.
1274 732 1325 774 Ι11
1353 732 1421 774 his
1449 731 1531 774 nisi
1565 745 1642 785 pro
1683 727 1827 772 εἰσκο-

329 800 584 856 μιζομένοις
626 801 880 844 substituere
933 801 1027 856 quis
1074 800 1178 843 velit
1234 799 1638 860 προσκομιζομ
1651 799 1825 850 ένοις,

329 871 441 927 quod
471 871 663 926 equidem
686 887 771 915 non
797 873 1017 923 suaserim,
1057 872 1165 914 nihil
1190 872 1306 915 aliud
1334 872 1588 927 relinquitur
1627 884 1753 926 quam
1781 871 1829 911 ut

326 940 577 983 restituatur
621 938 1266 994 συνεισκομιζομένοις,
1320 953 1420 981 nam
1468 937 1676 980 infirmius
1722 934 1828 978 adeo

328 1017 390 1057 est
418 1012 631 1056 Benseleri
665 1004 1090 1066 διεισκομιζομένοις
1127 1025 1178 1054 ac
1206 1026 1258 1054 ne
1287 1011 1353 1054 rei
1381 1010 1551 1066 quidem
1579 1008 1824 1052 convenien-

328 1090 395 1128 ter
422 1084 591 1127 dictum.
649 1083 759 1126 Hinc
787 1083 990 1125 transitus
1025 1082 1099 1126 fiet
1138 1082 1192 1125 ad
1229 1081 1414 1126 eiusdem
1451 1080 1707 1137 quaestionis
1735 1094 1769 1123 c.
1800 1082 1826 1122 2

328 1171 367 1211 p.
402 1158 482 1200 698
495 1170 528 1206 e,
557 1155 632 1197 ubi
661 1154 707 1196 in
731 1154 870 1197 verbis
901 1150 1037 1196 εἰπών
1069 1147 1146 1196 οὖν
1176 1150 1246 1196 ὅτι
1276 1154 1356 1195 τοῦ
1383 1149 1594 1210 εΈκτορος
1633 1147 1656 1193 ὁ
1680 1146 1825 1203 Ἀχιλ-

327 1222 426 1273 λεὺς
455 1217 591 1279 ἤλασε
621 1218 872 1278 λευκανίην,
911 1218 985 1263 ἵνα
1014 1236 1061 1263 τε
1088 1220 1228 1279 ψυχῆς
1257 1214 1446 1271 ὤκιστος
1475 1213 1666 1277 ὄλεθρος
1697 1217 1703 1275 Ι
1734 1211 1827 1260 οὐδ’

327 1288 393 1351 ἄρ’
427 1287 503 1335 ἀπ’
535 1287 798 1349 ἀσφάραγον
826 1287 955 1347 μελίη
983 1287 1095 1345 τάμε
1122 1286 1423 1347 χαλκοβάρεια
1457 1289 1463 1346 Ι
1498 1284 1558 1340 ὡς
1587 1284 1693 1332 ὄντα
1727 1304 1823 1346 φω-

325 1364 398 1420 νῆς
426 1358 543 1404 ἰ’διον
573 1356 725 1413 ὀχετὸν
764 1359 839 1402 καὶ
880 1357 1131 1415 πνεύματος
1171 1359 1272 1402 olim
1311 1360 1570 1403 conieceram
1613 1372 1690 1415 ego
1732 1361 1828 1413 post

327 1425 431 1472 ὄντα
463 1428 666 1483 excidisse
696 1427 792 1470 τὸν
824 1424 1161 1485 ἀσφάραγον
1190 1426 1317 1482 idque
1347 1440 1459 1468 nunc
1486 1441 1513 1468 a
1531 1424 1823 1482 ,11111ον111ᾶο-

323 1496 499 1539 bonensi
527 1495 773 1550 planissime
802 1494 1095 1537 confirmatum
1123 1494 1253 1537 video.

434 1575 533 1618 Plus
563 1574 839 1617 dubitationis
861 1573 991 1616 habet
1018 1573 1133 1615 locus
1154 1573 1203 1625 V,
1220 1577 1244 1616 2
1267 1587 1305 1628 p.
1321 1577 1401 1618 675
1417 1573 1445 1617 b
1477 1572 1551 1616 καὶ
1573 1574 1705 1616 τοῦτο
1727 1571 1820 1626 μὲν,

325 1640 456 1701 ἔφην,
491 1641 541 1684 τὸ
573 1638 840 1698 ἀνάγνωσμα
871 1642 956 1683 τῶν
987 1638 1065 1683 οὐκ
1093 1639 1148 1682 ἐν
1176 1639 1323 1696 μέσῳ
1351 1637 1482 1683 ἐστίν.
1542 1639 1594 1681 In
1622 1640 1689 1682 his
1714 1639 1821 1681 Ben-

329 1709 486 1751 selerus
525 1708 727 1750 invitatus
754 1707 1136 1762 palaeographicae
1161 1706 1407 1749 mutationis
1442 1706 1644 1749 facilitate
1672 1719 1750 1760 pro
1779 1705 1800 1747 ἕ
1804 1723 1824 1747 ν

325 1779 446 1835 μέσῳ
469 1779 646 1833 pessime
669 1777 886 1820 substituit
906 1775 1119 1831 ἐμμέσων.
1165 1775 1274 1827 Quid
1292 1775 1555 1830 potissimum
1583 1775 1825 1831 requiratur

329 1847 494 1890 lubrica
534 1851 598 1890 est
639 1847 898 1890 coniectatio.
958 1846 1108 1901 Itaque
1147 1849 1221 1888 aut
1257 1849 1586 1900 transponantur
1617 1846 1746 1889 verba
1778 1846 1824 1887 in

324 1918 436 1959 hunc
465 1918 635 1960 modum
665 1917 738 1960 καὶ
769 1918 898 1959 τοῦτο
927 1916 1008 1971 μέν
1038 1915 1169 1967 ἐστιν,
1202 1913 1334 1973 ἔφην,
1366 1914 1416 1958 τὸ
1445 1913 1707 1972 ἀνάγνωσμα
1735 1917 1822 1958 τῶν

327 1983 405 2029 οὐκ
446 1986 661 2044 ἐνμέσῳ,
704 1990 797 2038 aut,
842 1986 954 2041 quod
993 1985 1317 2040 praeferendum
1352 1989 1475 2041 puto,
1518 1985 1637 2030 ἐστιν
1665 1987 1820 2042 quippe

322 2056 592 2099 librariorum
627 2057 964 2111 supplementum
1003 2055 1057 2098 ad
1084 2056 1316 2112 marginem
1345 2056 1557 2112 relegetur
1593 2055 1691 2113 (cfr.
1724 2056 1815 2099 Sin-

322 2125 434 2167 tenis
470 2125 546 2179 Ep.
589 2125 642 2167 ad
683 2124 851 2168 Godofr.
881 2124 1170 2167 Hermannum
1198 2138 1238 2178 p.
1273 2124 1411 2167 XLIV
1441 2125 1519 2182 sq.)

435 2195 701 2250 Aliquotiens
725 2195 885 2238 dictum
912 2198 976 2238 est
1004 2194 1090 2248 (cfr.
1120 2209 1159 2249 p.
1193 2199 1263 2250 42)
1307 2210 1391 2237 non
1420 2194 1549 2238 semel
1577 2194 1821 2238 elisionibus

321 2277 347 2305 a
383 2263 531 2306 scribis
568 2266 726 2306 temere
765 2263 999 2305 obscuratis
1042 2262 1136 2316 ipsa
1173 2263 1391 2317 scriptoris
1433 2263 1562 2305 verba
1607 2262 1816 2318 insignem

323 2331 461 2374 labem
490 2333 718 2386 suscepisse
748 2336 874 2389 atque
904 2332 1164 2375 foedissimos
1193 2332 1297 2375 adeo
1325 2332 1424 2375 inde
1452 2333 1583 2375 invito
1612 2333 1816 2387 scriptore

320 2402 504 2444 invectos
531 2416 621 2445 esse
642 2403 794 2454 hiatus,
812 2402 924 2457 quod
942 2416 1048 2444 novo
1067 2415 1178 2443 nunc
1199 2402 1390 2456 exemplo
1410 2402 1636 2445 inlustrare
1666 2402 1814 2458 adgre-

319 2471 411 2512 diar
440 2486 491 2513 ex
517 2472 627 2515 libro
660 2472 736 2524 III,
766 2476 802 2523 2,
840 2476 858 2515 1
890 2485 929 2526 p.
961 2471 1083 2515 648b
1114 2471 1188 2513 καὶ
1219 2469 1245 2512 δ’
1275 2487 1322 2527 γε
1350 2472 1524 2530 καρπὸς
1553 2468 1688 2516 αὐτοῦ
1717 2474 1818 2527 (τοῦ

320 2543 490 2597 κιττοῦ)
542 2540 804 2598 μιγνύμενος
855 2538 917 2592 εἷς
966 2538 1040 2583 τὸν
1091 2534 1209 2583 οἶνον
1256 2541 1527 2596 μεθυστικὸν
1569 2545 1693 2585 ποιεῖ
1734 2542 1808 2586 καὶ

315 2612 576 2669 ταρακτικὸν
613 2614 675 2669 τῷ
715 2613 987 2671 πυροῦσθαι.
1053 2609 1114 2654 Τὸ
1157 2611 1205 2654 δὲ
1244 2612 1389 2670 κλῆμα
1428 2612 1632 2669 λέγουσιν
1671 2610 1808 2656 αὐτοῦ

319 2674 561 2732 σπώμενον,
595 2676 748 2734 ὥσπερ
773 2677 828 2722 τὰ
856 2679 932 2734 [ἐν]
967 2679 1073 2738 πυρὶ
1103 2673 1211 2731 ξύλα
1252 2679 1702 2738 συνδιαστρέφεσθαι.
1761 2678 1812 2722 In

315 2744 381 2786 his
409 2747 522 2800 quod
549 2749 668 2790 uncis
697 2748 926 2790 includitur
957 2748 1000 2791 ἐν
1029 2763 1056 2791 a
1083 2747 1309 2790 Duebnero
1340 2748 1508 2792 demum
1546 2751 1810 2805 quantumvis

316 2818 650 2870 repugnantibus
680 2819 892 2862 codicibus
920 2821 1135 2872 receptum
1155 2821 1228 2861 est.
1269 2818 1330 2860 Ac
1359 2819 1526 2862 videtur
1555 2833 1655 2863 sane
1683 2834 1811 2875 quam

316 2883 500 2926 maxime
534 2886 816 2929 necessarium
844 2900 952 2938 esse,
982 2889 1041 2938 ut,
1071 2885 1153 2928 nisi
1180 2886 1274 2941 quis
1304 2887 1506 2940 opinandi
1534 2888 1815 2932 temeritatem
