1962 3314
810 142 1088 184 -27-

206 246 415 311 καθαρὰν
431 245 630 302 ἀδικίας,
660 264 781 308 conp.
805 252 927 297 Dion.
951 266 986 299 c.
1006 252 1138 296 Bruto
1157 256 1184 298 3
1207 250 1324 298 τοῦτ’
1354 251 1585 312 εἰλικρινές
1609 252 1705 298 ἐστι

206 315 587 376 &Quiri
603 316 822 378 ’καθαρόν
848 319 972 377 (conl.
1001 319 1168 374 Quaest
1197 320 1304 365 Plut.
1334 319 1378 364 11
1407 334 1447 375 p.
1468 320 1553 377 36),
1581 333 1705 376 quem

203 385 388 444 m
411 386 728 443 Theophrastus
754 389 794 432 h.
818 389 875 445 pl.
894 389 927 442 I,
950 393 1014 442 12,
1030 392 1058 434 2
1082 389 1224 443 πέψιν
1255 388 1462 447 καθαρὰν
1491 388 1566 434 καὶ
1596 386 1706 433 εἰλι-

203 455 330 515 W
356 459 403 501 ot
428 454 551 501 Philo
579 456 632 501 de
662 457 810 502 ebriet.
833 472 872 514 p.
892 462 977 504 216
1003 461 1101 502 νοῦν
1130 457 1502 518 εἰλικρινέστατον
1523 459 1597 503 καὶ
1624 476 1705 503 κα-

203 522 482 585 θαρώτατον,
517 531 563 572 ut
584 529 766 573 nesciam
795 544 850 573 an
869 531 914 574 in
939 534 1061 574 tanta
1086 530 1374 585 exemplorum
1402 531 1705 587 aequabilitate

202 595 252 641 in
285 596 427 643 verbis
457 597 606 642 Dionis
647 599 856 657 Chrysost.
884 600 952 645 Or.
984 600 1198 653 XXXIII,
1236 615 1275 656 p.
1317 605 1382 652 67,
1413 605 1440 646 9
1467 601 1515 645 D.
1562 599 1603 645 εἶ
1639 600 1700 660 μή

207 664 403 712 Μοῦσαί
437 682 486 712 τε
525 667 600 712 καὶ
634 664 868 712 Ἀπόλλων
897 668 942 713 ἐν
980 668 1095 727 θείῳ
1137 669 1299 728 ῥυθμῷ
1328 670 1404 726 τῆς
1442 665 1705 727 εἰλικρινοῦς

182 737 256 780 'u‘
274 733 352 780 nal
378 730 563 796 ἄκρας
601 734 820 796 ἁρμονίας
855 753 933 794 pro
962 733 1102 798 ἄκρας
1139 753 1235 783 cuin
1273 738 1429 795 insigni
1468 739 1703 784 sententiae

197 803 481 850 mulmento
508 807 708 851 substitui
732 811 921 863 praestet
948 825 1013 852 κα
1029 810 1231 867 θαρᾶς.

308 875 377 920 Ad
408 889 451 932 p.
480 879 535 922 24
572 877 707 934 (conf.
746 877 852 922 Add.
892 892 932 934 p.
961 881 1040 934 68)
1078 882 1128 922 ut
1161 879 1297 935 magis
1328 879 1457 922 etiam
1493 877 1700 935 adi-idest,

197 944 312 1003 quod
343 960 399 992 ex
425 946 639 991 Clemente
668 947 894 992 Plutarcho
934 947 1101 992 restitui
1145 948 1191 991 in
1230 948 1319 991 vita
1347 946 1539 991 Caesaris
1576 962 1611 990 c.
1649 951 1699 992 19

197 1014 266 1062 τὰ
299 1018 581 1074 μέλλοντα
619 1015 957 1076 προῦθὲσπιζον
996 1034 1091 1063 cum
1127 1020 1173 1063 in
1202 1018 1417 1063 codicibus
1445 1019 1695 1063 extermina-

197 1091 289 1134 tum
315 1091 427 1134 esset
453 1088 510 1133 τὰ
536 1089 770 1144 μέλλοντα,
800 1089 1077 1134 conferendus
1105 1090 1233 1133 etiam
1263 1089 1369 1133 Plut.
1392 1089 1534 1144 Pomp.
1558 1092 1613 1134 32
1643 1087 1697 1131 τὰ

194 1157 415 1214 μέλλοντα
437 1159 689 1216 προδηλοῦν
706 1163 752 1203 et
770 1158 922 1204 Strabo
947 1158 1048 1203 XIV
1063 1173 1103 1214 Ρ.
1115 1162 1199 1204 676
1221 1158 1325 1210 τοὺς
1341 1156 1564 1216 χρησμούς
1585 1174 1696 1215 προ-

200 1221 484 1279 θεσπίζουσι.
546 1225 607 1269 Ac
647 1226 842 1270 similiter
880 1225 990 1268 dixit
1016 1225 1189 1280 Procop.
1219 1224 1259 1269 b.
1289 1239 1327 1280 g.
1355 1237 1393 1278 Ρ.
1429 1226 1507 1268 157
1519 1256 1528 1274 ,
1561 1227 1613 1268 19
1642 1220 1697 1266 τὰ

195 1290 415 1348 μέλλοντα
444 1290 833 1351 προβουλεύεσθαι
862 1297 906 1336 et
932 1293 1080 1336 Zonar.
1107 1291 1255 1335 Annal.
1285 1290 1372 1352 111,
1401 1292 1427 1335 8
1455 1304 1495 1346 p.
1514 1292 1608 1342 230,
1645 1294 1689 1334 ll

196 1359 276 1419 τὴν
303 1360 513 1418 δευτέραν
533 1360 802 1419 ἐπιφάνειαν
822 1364 899 1405 τοῦ
918 1364 1117 1420 σωτῆρος
1139 1359 1465 1417 προθεσπίζειν
1484 1364 1528 1404 et
1548 1364 1696 1404 contra

195 1443 457 1474 communem
505 1431 849 1476 consuetudinem
896 1431 1088 1475 Clemens
1136 1430 1360 1475 Alexandr.
1402 1430 1525 1474 Paod.
1565 1430 1628 1482 11,
1667 1433 1693 1475 8

194 1512 235 1556 Ρ.
264 1502 348 1546 2⁰5
377 1499 421 1544 Ρ.
476 1500 581 1557 περὶ
607 1493 668 1545 ὦν
698 1501 772 1545 καὶ
802 1500 877 1545 διὰ
916 1503 995 1544 τοῦ
1024 1500 1274 1559 ψαλμῳὸοῢ
1316 1498 1617 1556 προθεσπίζει
1643 1501 1693 1542 τὸ

196 1569 392 1620 πνεῦμα.
451 1569 501 1614 In
531 1571 599 1614 his
626 1586 758 1628 aeque
785 1576 913 1628 atque
941 1572 986 1614 in
1016 1571 1169 1615 ceteris
1196 1574 1362 1614 tantum
1388 1585 1473 1613 non
1500 1571 1694 1614 omnibus

193 1638 462 1697 subiungitur
475 1641 698 1694 obiectum,
717 1642 836 1685 cuins
852 1646 993 1687 tamen
1014 1642 1184 1685 omissio
1205 1655 1289 1685 non
1308 1655 1481 1697 prorsus
1499 1642 1694 1688 inaudita

194 1706 285 1752 fuit.
343 1707 431 1753 Nec
455 1709 501 1752 in
530 1713 651 1753 tanta
678 1710 839 1754 relicua
867 1710 1124 1754 noviciorum
1154 1710 1455 1761 inconstantia,
1484 1711 1557 1765 qui
1577 1726 1689 1755 seve-

190 1776 374 1822 rim-ibus
409 1779 614 1834 pristinae
641 1779 885 1836 grwcitatis
913 1780 1077 1836 legibus
1105 1781 1260 1836 ubique
1289 1780 1561 1831 reluctantur,
1587 1781 1692 1825 haec

190 1844 359 1902 aliaque
388 1846 573 1902 plurima
602 1848 655 1892 ad
685 1848 876 1905 regulam
904 1848 1038 1905 redigi
1068 1852 1252 1903 possunt.

302 1915 386 1960 Sed
415 1917 519 1961 satis
548 1918 600 1962 de
632 1919 697 1962 his
726 1918 904 1968 (lictum.
935 1919 989 1962 atl
1016 1934 1124 1975 quae
1152 1919 1290 1973 abripi
1320 1934 1396 1961 nos
1415 1918 1528 1974 passi
1549 1932 1692 1961 sumus

190 1986 368 2031 fortasse
389 1988 750 2034 inconsideratius.
799 1990 1051 2047 Priusquam
1071 1995 1212 2035 tamen
1235 1990 1335 2033 hinc
1354 1989 1565 2039 abeamus,
1596 2003 1690 2032 cum

187 2057 316 2102 semol
344 2057 475 2102 delati
505 2059 635 2102 simus
663 2060 717 2103 ad
747 2074 890 2104 vocem
919 2059 1141 2117 καθαρός.
1187 2059 1314 2103 etiam
1344 2059 1423 2102 lioc
1451 2057 1689 2114 adiungam,

191 2126 346 2172 multos
373 2133 523 2173 contra
545 2130 589 2172 in
612 2130 692 2173 hoc
710 2131 913 2175 vocabulo
932 2131 1126 2175 haesisse
1156 2134 1200 2172 et
1223 2126 1384 2183 optimo
1405 2128 1574 2185 quidem
1598 2129 1689 2171 iure

187 2197 372 2243 haesisse
400 2199 445 2242 in
475 2199 563 2243 vita
591 2200 738 2244 Niciae
779 2218 811 2244 c.
850 2204 916 2251 18,
952 2202 1023 2245 ubi
1056 2204 1278 2257 postquam
1306 2199 1535 2255 Gylippum
1565 2199 1682 2243 inno-

188 2268 322 2314 tuerit
348 2268 622 2327 Syracusanis
660 2286 783 2327 opem
818 2272 1002 2315 laturum
1038 2286 1145 2322 esse,
1183 2270 1326 2315 Nicias
1363 2273 1560 2314 narratur
1598 2265 1686 2313 ὑπὸ

190 2341 269 2399 τῆς
288 2338 336 2385 ὃν
354 2344 418 2400 τῷ
440 2341 630 2402 παρόντι
654 2339 806 2403 ῥώμης
826 2343 900 2387 καὶ
930 2340 1060 2402 τύχης
1077 2339 1464 2399 ἀνατεθαρρηκώς,
1489 2337 1686 2396 μάλιστα

189 2405 240 2451 δὲ
269 2410 366 2460 τοῖς
397 2406 447 2451 ἐκ
483 2410 775 2467 Συρακουσῶν
808 2408 1143 2466 διαλεγομένοις
1173 2407 1321 2466 κρύφα
1350 2406 1425 2451 καὶ
1455 2407 1686 2463 πέμπουσι

190 2471 306 2531 πρὸς
333 2469 466 2518 αὗτὸν
485 2471 593 2519 ὅσον
611 2470 738 2520 ου’πω
767 2475 846 2534 τὴν
869 2473 1001 2518 πόλιν
1022 2473 1284 2519 ἐνδίδοσθαι
1307 2471 1420 2517 κατὰ
1444 2470 1687 2528 συμβάσεις

188 2536 378 2594 νομίζων
393 2535 553 2585 ουδένα
573 2544 653 2587 τοῦ
669 2541 905 2587 Γυλίππου
923 2540 1092 2600 λόγον’
1074 2540 1172 2597 ε’σχε
1193 2542 1529 2601 προσπλέοντος
1555 2558 1580 2585 ο
1592 2558 1617 2585 n
1603 2537 1686 2587 ’δὲ

188 2607 444 2667 φυλακην
464 2607 779 2669 ἐποιήσατο
800 2628 864 2655 κα
880 2611 1071 2670 θαράν,
1092 2606 1208 2654 αλλὰ
1223 2612 1285 2668 τῶ
1305 2610 1531 2663 παντελῶς
1547 2607 1684 2669 ὑπερ-

186 2680 387 2739 ορᾶσθαι
413 2677 490 2723 καὶ
509 2684 897 2740 καταφρονεῖσθαι
927 2679 1083 2725 λαθων
1099 2677 1234 2725 αὐτον
1249 2696 1273 2722 ο
1297 2675 1406 2739 ἀνὴρ
1427 2677 1684 2726 εἰσέπλευσε

186 2746 262 2792 διὰ
280 2750 362 2793 τοῦ
383 2747 597 2805 πόρθμοο
617 2752 707 2795 κτλ.
767 2752 817 2796 In
845 2752 911 2796 his
931 2766 1027 2796 cum
1049 2749 1258 2808 καθαρὰν
1282 2754 1518 2795 ποιεῖσθαι
1538 2751 1684 2810 φυλα-

186 2815 264 2875 κήν
285 2821 374 2863 tam
394 2817 624 2863 absurdum
643 2820 699 2864 sit
726 2825 770 2866 et
800 2821 1044 2870 ridiculum,
1073 2826 1120 2863 ut
1142 2820 1246 2864 nihil
1270 2820 1404 2898 ina-gis
1433 2836 1523 2866 esse
1544 2822 1684 2877 possit.

186 2884 290 2930 nulli
318 2886 363 2930 iii
393 2900 443 2931 eo
482 2887 743 2933 emendando
780 2892 1061 2945 pepercerunt
1088 2902 1240 2944 operae
1266 2888 1345 2933 viri
1373 2888 1622 2942 doctissimi,
1660 2905 1683 2934 e
