1962 3314
888 140 1171 180 -40-

287 252 385 295 dam
399 251 570 306 sublegi,
585 265 670 293 non
684 249 827 293 defore
842 251 987 301 sciens,
1003 250 1076 305 qui
1091 250 1168 293 has
1182 250 1405 293 barbariae
1421 249 1657 306 ingruentis
1671 247 1782 304 quis-

287 323 449 377 quilias,
471 324 617 375 utpote
639 321 794 363 nullius
818 335 990 375 prorsus
1015 320 1140 363 hodie
1171 321 1330 375 publici
1355 322 1525 375 saporis,
1554 321 1644 363 risu
1662 318 1786 363 cavil-

288 392 437 435 lentur.
458 416 514 422 —
544 391 594 432 In
617 390 841 444 propatulo
872 394 936 433 est
965 394 1105 433 autem
1133 394 1422 444 portentosum
1448 390 1555 432 illud
1579 385 1675 442 οὐχί
1704 402 1788 431 non

288 464 498 519 peperisse
525 477 653 518 quam
677 463 832 506 totiens
859 477 1126 506 exsecramur
1164 464 1339 506 alicuius
1369 465 1531 508 scribae
1560 463 1780 519 neglegen-

289 531 410 581 tiam,
451 529 524 572 sed
563 543 671 584 quae
709 528 756 570 in
784 529 1013 584 archetypo
1050 529 1161 583 quod
1191 529 1337 571 dicunt
1379 529 1567 572 obscuris
1598 528 1793 571 ductibus

290 600 461 640 exarata
489 595 555 639 vel
575 596 660 638 situ
681 609 852 650 prorsus
878 596 1123 639 oblitterata
1143 599 1290 647 essent,
1322 595 1574 639 emendandi
1602 595 1670 639 vel
1693 608 1788 649 sup—

290 666 434 722 plendi
454 666 699 710 lubidinem.
740 666 854 717 Quae
875 666 1112 709 observatio
1132 670 1174 709 et
1192 667 1297 717 alias
1319 667 1514 721 perutilis
1535 681 1624 711 esse
1653 670 1794 721 potest

292 736 345 780 ad
366 736 557 778 criticam
581 736 694 790 apud
711 736 984 778 Plutarchum
1011 735 1300 780 factitandam.
1353 737 1444 779 Hoc
1473 751 1603 779 unum
1630 735 1793 788 addam,

292 807 336 848 in
372 805 594 860 postremis
641 798 778 848 verbis
823 803 900 847 ἐπὶ
950 802 1186 855 συνουσίας
1227 803 1371 864 πρὸς
1409 807 1616 860 γυναῖκας
1659 804 1794 860 magis

293 877 467 920 fortasse
507 891 559 919 ex
594 876 773 919 aliorum
812 875 1064 928 scriptorum
1101 889 1180 916 usu
1223 874 1411 928 (Heliod.
1450 874 1492 926 Ι,
1535 879 1585 918 15
1621 874 1791 917 Lucian.

295 947 393 991 dial.
430 949 597 990 meretr.
636 951 702 997 10,
738 950 755 988 1
791 946 934 1003 ‚Long.
965 948 1008 995 3,
1046 948 1100 988 25
1141 959 1248 1000 quae
1289 945 1497 1000 congessit
1532 944 1656 987 docta
1693 944 1788 986 dili—

294 1019 438 1075 gentia
466 1017 671 1060 Hercheri
713 1016 767 1058 ad
799 1015 941 1069 Steph.
972 1015 1091 1058 Thes.
1133 1029 1162 1057 s.
1193 1030 1228 1058 v.
1266 1016 1452 1072 φοιτᾶν)
1494 1015 1623 1058 scribi
1661 1014 1795 1058 videri
1851 1032 1853 1035 ·

296 1104 406 1145 παρ
419 1086 447 1130 ὰ
473 1089 700 1143 γυναῖκας,
744 1100 838 1128 cum
866 1085 1118 1139 praesertim
1146 1084 1395 1127 Plutarchus
1433 1084 1478 1126 in
1506 1085 1598 1127 loco
1627 1083 1794 1140 gemino

297 1159 433 1214 Symp.
464 1157 569 1208 VII,
601 1159 645 1207 8,
674 1159 698 1200 3
730 1159 811 1199 712
841 1170 863 1198 c
911 1153 995 1207 ἔχει
1037 1154 1085 1197 δὲ
1114 1152 1190 1196 καὶ
1228 1153 1284 1196 τὰ
1314 1151 1502 1212 ἐρωτικὰ
1537 1150 1643 1212 παρ’
1676 1148 1796 1210 αὐτῷ

297 1224 598 1284 (Μενάνδρῳ)
630 1223 785 1283 καιρὸν
817 1220 1074 1267 πεπωκόσιν
1105 1220 1388 1282 ἀνθρώποις,
1422 1221 1496 1265 καὶ
1527 1219 1788 1266 ἀναπαυσο-

298 1293 450 1348 μένοις
474 1290 585 1348 μετά
611 1290 770 1349 μικρὸν
799 1287 986 1334 ἇπιοῧσι
1017 1288 1172 1348 παρὰ
1201 1288 1280 1340 τὰς
1310 1287 1477 1333 ἑαυτῶν
1508 1292 1714 1347 γυναῖκας
1742 1289 1796 1333 de

297 1361 443 1405 eadem
479 1359 782 1403 consuetudine
826 1373 1006 1401 venerea
1042 1357 1293 1412 praetulerit
1330 1373 1439 1413 παρ
1452 1357 1481 1400 ά
1493 1389 1506 1408 ,
1547 1361 1596 1400 ut
1633 1358 1680 1400 in
1707 1358 1795 1402 vita

296 1432 412 1475 Alex.
438 1435 463 1474 2
490 1431 652 1488 φοιτᾶν
684 1425 789 1488 παρ’
818 1425 950 1486 αὐτὴν
978 1424 1360 1483 ἀναπαυσόμενος.
1416 1429 1625 1472 Videntur
1652 1433 1793 1472 tamen

297 1502 505 1546 citerioris
535 1502 628 1544 aevi
648 1500 872 1554 scriptores
889 1500 935 1542 in
954 1500 1035 1542 hoc
1051 1499 1377 1554 praepositionis
1409 1499 1533 1556 παρά
1553 1515 1631 1544 usu
1660 1500 1791 1557 (vere-

298 1572 594 1615 cundioremne
613 1573 810 1626 putamus
831 1584 921 1613 esse
930 1572 978 1624 5³),
1008 1583 1133 1624 quem
1154 1569 1370 1624 antiquior
1397 1572 1514 1612 aetas
1534 1563 1796 1613 ambitiosius

298 1644 475 1686 fortasse
511 1641 687 1685 curabat
719 1640 813 1694 (cfr.
843 1639 1021 1683 Siebelis
1060 1639 1115 1682 ad
1145 1640 1264 1683 Paus.
1296 1639 1359 1690 ΙΙ,
1395 1643 1464 1691 10,
1494 1642 1520 1682 4
1563 1640 1702 1683 Baehr
1740 1639 1795 1683 ad

298 1712 452 1756 Herod.
483 1711 545 1763 II,
580 1715 671 1754 111.
707 1714 784 1753 115
829 1709 870 1751 Τ.
904 1709 936 1751 Ι.
966 1708 1262 1760 Halbertsma,
1295 1708 1452 1752 iniuria
1479 1709 1657 1752 fortasse
1686 1709 1797 1752 hanc

299 1780 428 1823 etiam
464 1777 745 1822 constantiam
781 1776 1011 1820 obtrudens
1040 1775 1189 1831 Lysiae
1202 1809 1211 1827 ,
1252 1775 1402 1819 Adnot.
1444 1777 1536 1819 crit.
1573 1777 1618 1819 in
1646 1777 1797 1832 Lysiae

299 1853 401 1893 orat.
445 1849 646 1892 Mnemos.
681 1850 787 1891 1862
816 1861 855 1901 p.
887 1845 996 1902 207)
1022 1859 1107 1888 non
1135 1845 1240 1888 adeo
1270 1845 1351 1888 sibi
1380 1845 1635 1897 constitisse,
1661 1849 1709 1887 ut
1733 1845 1792 1888 al-

298 1925 436 1964 terum
470 1933 641 1973 prorsus
680 1931 765 1960 non
802 1915 1018 1959 admisisse
1059 1915 1258 1958 censendi
1295 1915 1398 1966 sint,
1447 1914 1654 1970 siquidem
1685 1914 1793 1958 Plut.

297 1990 400 2032 Mor.
430 2003 470 2042 p.
502 1991 593 2031 54a
621 1987 702 2030 sibi
729 1987 819 2029 sine
850 1984 1129 2028 haesitatione
1158 1985 1410 2027 concesserit
1441 1982 1588 2041 κρύφα
1621 1986 1790 2041 φοιτῶν

301 2056 414 2112 πρὸς
454 2052 589 2112 αὐτήν
628 2059 671 2099 et
699 2055 802 2098 Fab.
832 2054 941 2097 Max.
973 2057 1026 2097 20
1064 2052 1239 2111 μακρὰς
1277 2049 1408 2104 ὁδοὺς
1447 2050 1655 2097 ἑκάστοτε
1686 2070 1793 2112 φοι-

299 2129 442 2170 τῶντα
475 2126 589 2184 πρὸς
618 2123 786 2182 ἐκείνην
817 2121 908 2167 ἀπὸ
939 2125 1019 2167 τοῦ
1048 2123 1356 2182 στρατοπέδου
1393 2128 1436 2167 et
1471 2124 1622 2167 Anton.
1652 2127 1705 2168 25
1745 2125 1798 2169 de

305 2200 528 2254 Cleopatra
556 2199 611 2242 ad
630 2198 861 2241 Antonium
891 2197 1085 2240 amatorii
1116 2197 1354 2239 commercii
1385 2210 1510 2239 causa
1538 2199 1797 2239 commeante

302 2267 413 2326 πρὸς
442 2269 599 2311 τοῦτον
630 2264 785 2322 ἓζιιελλε
817 2263 1059 2323 φοιτήσειν,
1090 2265 1268 2321 Gorgias
1296 2261 1319 2307 ὃ
1338 2262 1666 2323 πορνογράφος,
1686 2265 1799 2320 apud

301 2338 448 2381 Athen.
471 2337 579 2380 XIII
600 2352 638 2392 p.
658 2336 774 2381 596f
795 2337 898 2379 item
927 2335 980 2378 de
997 2334 1264 2378 meretricula
1298 2332 1375 2378 δύο
1403 2334 1606 2391 δραχμῶν
1635 2333 1798 2391 φοιτᾶν

302 2406 414 2465 πρὸς
442 2406 517 2449 τὸν
535 2404 820 2461 βουλόμενον,
847 2405 998 2448 Anton.
1022 2404 1202 2447 Liberal.
1226 2407 1279 2448 34
1322 2401 1501 2462 Σμύρνα
1531 2399 1592 2455 ὥς
1628 2401 1796 2456 ἐξίκετο

302 2474 412 2534 πρὸς
457 2473 612 2528 αὐτόν,
666 2489 921 2531 quamquam
962 2489 994 2517 c.
1032 2478 1056 2518 5
1097 2476 1418 2528 praeoptaverat
1467 2474 1629 2529 φοιτᾶν
1671 2471 1796 2530 παρὰ

310 2543 559 2602 Τιμάνόρην
580 2549 622 2588 et
643 2561 674 2588 c.
688 2550 739 2589 41
762 2542 946 2588 εἰσιέναι
971 2541 1094 2602 παρὰ
1112 2542 1189 2600 τὴν
1209 2540 1469 2600 Πασιφάην.
1518 2542 1678 2586 Eodem
1702 2556 1795 2596 per-

300 2613 408 2656 tinet
436 2614 551 2657 locus
580 2615 692 2669 apud
721 2614 905 2668 Alciphr.
937 2614 968 2665 I,
999 2616 1073 2665 37,
1101 2616 1125 2657 3
1157 2607 1236 2654 κᾶν
1264 2609 1379 2669 ἔλθῃ
1413 2609 1525 2670 πρὸς
1553 2608 1667 2670 ἡμᾶς
1696 2628 1793 2655 κοι-

299 2679 623 2738 Διιηθησόλιιενος.
670 2684 738 2726 Ita
766 2684 896 2726 etiam
911 2683 1109 2726 Parthen.
1135 2686 1194 2733 17,
1213 2685 1237 2726 3
1264 2682 1483 2736 usurpavit
1515 2678 1796 2741 εἶ’σὲρχεσθαι

304 2749 427 2808 παρὰ
458 2750 535 2793 τᾶν
573 2753 737 2804 παῖδα,
782 2766 1036 2808 quamquam
1064 2751 1178 2794 idem
1217 2751 1261 2793 in
1302 2751 1449 2794 eadem
1485 2751 1639 2794 vicinia
1671 2751 1798 2794 simili

300 2818 603 2874 significatione
623 2822 826 2874 praetulit
847 2822 1008 2879 φοιτᾶν
1030 2818 1144 2878 πρὸς
1163 2819 1239 2862 τὸν
1263 2820 1428 2872 παῖδα,
1453 2835 1589 2876 neque
1611 2820 1647 2863 si
1668 2834 1794 2875 quae—

299 2888 357 2930 ris
387 2903 460 2931 cur
488 2889 549 2932 ita
568 2889 729 2942 fecerit,
760 2891 875 2934 aliud
902 2889 1157 2947 respondere
1186 2889 1296 2941 licet,
1322 2890 1404 2933 nisi
1431 2889 1543 2948 quod
1561 2890 1795 2948 elegantiae
