1962 3314
954 155 1233 221 -jffi—

355 282 439 323 qua
467 282 562 311 cum
591 265 724 309 solido
753 265 917 320 corpori
946 265 1094 308 similis
1123 265 1179 307 sit
1213 263 1408 321 (ἐοικυῖα
1436 267 1600 325 στερεῷ
1632 262 1840 321 σώματι),

355 336 586 380 crocodilus
605 336 650 378 in
670 333 830 390 praeda
847 348 930 377 uno
951 335 1040 377 ictu
1059 333 1249 377 ferienda
1264 348 1341 389 pro
1360 333 1526 391 flagello
1550 335 1614 377 uti
1634 337 1842 378 narratur.

355 404 491 460 Magis
518 404 645 447 etiam
672 402 837 446 mireris
865 402 1073 445 Achillem
1103 400 1357 445 Schneidero
1385 401 1490 446 adeo
1519 402 1670 446 harum
1701 416 1842 446 rerum

354 475 486 516 visum
516 487 602 516 esse
631 472 861 527 inperitum
887 471 953 515 vel
978 471 1088 514 male
1119 471 1369 524 consultum,
1406 475 1455 514 ut
1482 474 1647 527 spinam
1681 487 1732 516 ex
1759 486 1842 515 uno

354 545 493 598 potius
531 557 622 587 osse
659 557 786 598 quam
827 558 879 586 ex
924 545 1043 585 arcta
1093 542 1382 586 vertebrarum
1422 557 1627 600 conpage,
1648 546 1840 586 constare

354 610 547 664 opinatus
588 609 726 652 fuerit.
793 608 1002 651 Nimirum
1039 622 1134 652 cum
1171 609 1245 665 qui
1278 612 1414 652 totum
1452 610 1564 654 hunc
1599 611 1740 655 locum
1769 625 1836 655 ex-

353 676 521 731 scripsit
554 675 799 719 Eustathius
826 676 872 718 in
902 674 1131 720 Comment.
1161 675 1217 719 ad
1245 676 1442 720 Hexaem.
1472 691 1512 732 p.
1543 682 1614 731 21,
1648 679 1754 722 haec
1781 679 1843 722 ita

351 745 643 788 coarctaverit:
683 745 757 801 τῆς
787 743 953 803 ῥάχεως
975 741 1058 802 γάρ
1083 742 1201 787 ἐστιν
1223 741 1319 796 ἑνὸς
1350 741 1506 789 ὀστέου
1531 746 1732 805 τελευτή,
1764 747 1843 790 1108

351 815 454 858 satis
482 829 631 859 causae
660 814 740 857 fuit
768 814 822 857 ad
851 813 1075 857 creandam
1118 814 1243 857 istam
1272 816 1623 869 emendationem,
1662 830 1746 872 qua
1772 818 1843 860 vix

353 884 578 939 quicquam
611 883 917 938 inprobabilius
956 883 1184 939 excogitari
1220 898 1341 938 posse
1375 885 1511 929 credo.
1570 885 1840 930 Manifestum

359 955 470 998 enim
503 958 694 997 tenemus
723 968 907 1005 errorem
936 953 1224 1008 conpilatoris‚
1255 955 1327 1010 qui
1357 970 1464 1011 quae
1492 957 1575 1011 ipsi
1603 957 1754 1001 vitiosa
1779 959 1837 1001 vi—
1896 958 1904 966 '

353 1022 570 1073 debantur,
599 1035 676 1076 pro
702 1024 830 1075 captu
859 1035 933 1063 suo
963 1021 1174 1077 corrigere
1199 1023 1453 1078 temptabat,
1482 1038 1567 1079 qua
1593 1025 1639 1067 in
1667 1039 1713 1069 re
1746 1039 1839 1068 cum

349 1107 498 1147 parum
522 1093 785 1149 profecisset,
814 1093 1006 1147 proxima
1024 1093 1155 1136 verba
1187 1096 1260 1136 καὶ
1289 1095 1425 1152 μέρος
1446 1092 1582 1139 αὐτοῦ
1603 1098 1689 1140 τῶν
1709 1095 1835 1150 ὅλων,

351 1167 496 1218 utpote
532 1177 656 1207 sensu
691 1176 824 1214 cassa,
866 1162 1025 1206 omisit·
1044 1165 1088 1204 et
1125 1162 1187 1204 ita
1225 1176 1276 1204 ex
1313 1161 1493 1206 sanabili
1521 1164 1692 1207 vulnere
1719 1164 1838 1208 ulcus

351 1233 450 1275 fecit
476 1233 598 1288 longe
628 1231 871 1287 malignius,
900 1230 1030 1285 quod,
1060 1230 1362 1273 si'Eustathius
1382 1232 1528 1275 unicus
1546 1232 1672 1275 huius
1693 1247 1836 1276 narra-

351 1302 478 1345 tionis
519 1305 629 1345 esset
663 1300 771 1352 fons,
815 1300 955 1343 curari
993 1299 1117 1354 plane
1158 1314 1242 1343 non
1277 1304 1428 1355 posset.
1507 1300 1693 1346 Similem
1728 1303 1837 1346 viam

351 1373 563 1416 Iacobsius
601 1372 715 1423 iniit,
765 1371 910 1425 inepta
948 1374 1066 1413 ratus
1102 1374 1291 1414 extrema
1329 1371 1478 1426 verba3
1530 1373 1691 1417 nullum
1728 1374 1838 1416 enim

350 1458 439 1487 esse
471 1442 646 1494 animal,
684 1442 795 1498 quod
825 1441 958 1484 cauda
987 1442 1042 1484 sit
1069 1441 1326 1496 praeditum,
1365 1443 1484 1485 cuius
1509 1443 1642 1487 cauda
1669 1458 1754 1487 non
1782 1445 1838 1487 sit
1892 1502 1895 1505 ‚

354 1525 452 1566 pars
481 1512 566 1552 τῶν
596 1507 721 1560 ὅλων,
764 1508 875 1566 quod
912 1523 1038 1564 quam
1070 1508 1179 1551 belle
1210 1508 1380 1561 dixerit,
1420 1510 1630 1554 neminem
1655 1511 1721 1553 vel
1750 1511 1839 1554 sine

350 1579 683 1624 testimoniorum
721 1578 802 1621 fide
840 1579 962 1629 latet,
1002 1594 1054 1622 ne
1091 1579 1351 1635 philologum
1387 1580 1558 1635 quidem
1596 1575 1839 1638 ceteroquin

350 1664 435 1693 non
465 1650 526 1691 ita
553 1648 734 1691 libenter
764 1647 1029 1690 crediturum.
1089 1647 1170 1691 Sed
1198 1649 1243 1690 in
1272 1662 1321 1691 eo
1351 1648 1521 1704 quidem
1549 1649 1660 1705 quod
1688 1651 1834 1694 rescri-

347 1715 531 1760 bendum
561 1714 681 1756 duxit
710 1713 783 1756 καὶ
822 1714 957 1772 μέρος
997 1710 1174 1757 αὐτῶν
1214 1716 1317 1758 τῶν
1351 1712 1535 1759 νώτων
1564 1731 1700 1773 118(1118
1728 1718 1834 1762 Her—

349 1787 475 1830 chero
505 1800 640 1841 neque
669 1785 775 1827 mihi
804 1786 1021 1839 persuasit.
1066 1785 1186 1828 'Mihi
1215 1786 1328 1829 enim
1362 1787 1432 1829 vix
1459 1786 1625 1831 videtur
1652 1788 1838 1833 Achilles

349 1861 443 1912 post
466 1871 516 1899 ea
544 1870 652 1911 quae
669 1855 974 1910 praecesserint
993 1854 1045 1898 de
1066 1856 1204 1910 spina,
1232 1856 1376 1899 statim
1396 1857 1575 1900 otiosum
1599 1859 1836 1914 genetivum

346 1929 429 1970 τῶν
464 1922 610 1969 νώτων
640 1925 859 1968 additurus
887 1925 1031 1977 fuisse,
1062 1940 1156 1968 cum
1184 1926 1285 1969 satis
1314 1930 1423 1970 esset
1444 1927 1571 1971 scribi
1598 1927 1673 1971 καὶ
1698 1928 1834 1987 μέρος

347 1995 477 2054 αὐτῆς
506 1998 578 2054 (sc.
612 2000 688 2053 τῆς
720 1993 920 2055 ῥάχεως),
967 1998 1016 2037 ut
1048 1998 1211 2039 taceam
1240 2010 1293 2038 ne
1321 1999 1435 2039 recte
1463 1997 1633 2052 quidem
1660 1998 1835 2042 caudam

348 2066 503 2109 dictam
530 2064 664 2107 videri
689 2064 803 2107 dorsi
830 2067 1007 2117 partem.
1064 2064 1173 2115 Quid
1201 2065 1324 2119 plura
1353 2065 1534 2109 addam?
1573 2067 1697 2111 Ultro
1723 2069 1832 2125 cogi-

344 2133 494 2177 tationi
515 2132 715 2183 occurrit,
739 2130 946 2174 Achillem
972 2130 1186 2185 scripsisse
1216 2127 1310 2173 ‹im’
1333 2128 1427 2175 ἔστι
1456 2133 1532 2189 τῆς
1558 2131 1725 2192 ῥάχεως
1754 2132 1835 2186 εἰς

348 2201 552 2247 ὀστοῦν
595 2200 828 2259 τελευτὴ
875 2200 966 2244 καὶ
1009 2201 1180 2259 μέρος
1223 2204 1327 2245 ’τῶν
1369 2203 1750 2258 σπονόυλῶνῆ
1792 2209 1836 2249 et

354 2268 491 2315 αὐτοῦ
521 2274 616 2327 post
653 2271 789 2329 μέρος
826 2270 1096 2313 librariorum
1134 2270 1278 2314 deberi
1306 2270 1575 2328 lubidini**)‚
1616 2276 1664 2316 ut
1691 2288 1835 2318 sensus

438 2395 473 2438 ²⁸)
499 2396 730 2431 Σπονδυλῶν
754 2395 877 2439 scripsi
910 2395 1003 2438 quod
1034 2395 1122 2429 11888
1151 2396 1262 2429 forma
1285 2395 1429 2430 Achillis
1454 2397 1554 2431 aetati
1577 2398 1836 2432 convenientior

346 2457 541 2498 videbatur3
571 2456 630 2490 cfr.
647 2454 808 2489 Meineke
825 2455 868 2488 ad
883 2454 981 2490 Stob.
997 2453 1070 2489 Eoi.
1087 2454 1191 2501 phys,
1207 2454 1230 2489 1.
1248 2465 1280 2498 p.
1303 2454 1380 2498 158,
1399 2456 1455 2498 27,
1472 2460 1510 2490 ut
1526 2457 1584 2499 qui
1601 2457 1692 2501 apud
1711 2456 1833 2492 Athen.

344 2524 377 2557 p.
404 2514 469 2547 206
480 2523 509 2546 8.
539 2513 683 2546 8811ᾶ8111
713 2512 859 2546 formam
887 2511 1093 2555 praetulerit.

434 2568 492 2611 **)
519 2568 689 2604 Sexcenia
728 2569 764 2602 id
798 2579 910 2612 genus
949 2569 1198 2610 additamenta,
1236 2569 1346 2611 siquis
1379 2569 1447 2603 hoe
1479 2571 1568 2613 agit,
1609 2570 1710 2604 etiam
1741 2571 1831 2614 apud

345 2629 516 2664 Achillem
545 2630 699 2663 invenire
725 2629 783 2671 (de
808 2628 992 2663 Plutarcho
1019 2628 1087 2662 dixi
1113 2628 1250 2670 Quaest.
1279 2628 1365 2664 Plut.
1385 2629 1412 2662 11
1430 2640 1463 2672 p.
1481 2631 1523 2664 46
1541 2639 1594 2673 sq.
1619 2634 1652 2664 et
1676 2629 1828 2664 Sintenis

345 2683 502 2718 devhiatu
527 2695 560 2728 p.
583 2685 662 2723 352)
686 2685 780 2718 nullo
808 2685 948 2728 negotio
974 2685 1107 2728 poterit.
1155 2683 1223 2727 Ita,
1250 2689 1287 2719 ut
1310 2686 1345 2719 in
1370 2697 1411 2719 ea
1436 2696 1491 2720 me
1514 2697 1605 2720 nunc
1629 2691 1724 2731 parte
1748 2697 1830 2721 con·

343 2743 488 2784 tineam,
509 2751 598 2785 quae
617 2742 660 2775 ad
678 2743 883 2785 pronomina
899 2751 1078 2785 perperam
1097 2741 1230 2775 adiecta
1246 2743 1410 2786 pertinet,
1432 2743 1624 2777 rectissime
1636 2743 1830 2777 Hercherus

344 2799 371 2842 1,
399 2800 439 2832 16
464 2799 499 2832 in
524 2799 640 2833 verbis
664 2803 724 2833 καὶ
749 2799 926 2833 ἐπιστᾶσα
955 2800 1004 2843 τῷ
1027 2800 1101 2843 ταῴ
1124 2797 1198 2833 κατ’
1226 2796 1350 2844 αὐτήν,
1377 2801 1447 2835 duo
1471 2805 1647 2845 postrema
1673 2801 1716 2835 ad
1741 2811 1828 2835 mar-

343 2857 459 2900 ginem
480 2855 661 2899 relegavit,
686 2858 767 2891 item
794 2868 859 2891 suo
884 2857 958 2891 iure
978 2857 1169 2893 exturbavit
1191 2868 1381 2901 pronomen
1406 2870 1440 2903 p.
1459 2860 1609 2902 134,10;
1633 2870 1667 2904 p.
1689 2860 1765 2902 147,
1790 2859 1828 2902 33

344 2927 378 2961 p.
406 2916 483 2959 163,
509 2917 548 2958 6;
573 2924 608 2958 p.
635 2917 712 2960 174,
741 2919 793 2952 12.
