1962 3314
928 150 1210 191 -86-

313 263 405 304 loco
434 260 558 312 VIII,
593 265 660 311 10,
692 263 716 303 3
746 274 785 314 p.
817 263 896 304 735
914 275 949 304 e.
1019 259 1070 302 In
1110 259 1177 302 his
1217 273 1311 302 cum
1350 258 1587 313 antiquitus
1624 253 1817 310 volgetui·

317 329 525 387 γλεύκους
554 330 639 382 (ita
666 333 781 372 recte
811 328 974 387 Steph.)
1017 329 1065 371 δὲ
1095 327 1267 381 ζέοντος
1309 322 1395 370 ἀεὶ
1426 322 1818 383 ἀφαιρεῖσθαι

318 397 390 440 καὶ
411 396 512 448 τοὺς
531 394 717 455 ἐργάτας
749 395 952 449 δεδιότας
975 393 1158 455 ὁρῶμεν,
1185 397 1367 440 editores
1390 396 1584 439 certatim
1607 392 1816 447 corrigere

318 468 505 523 adgressi
534 471 632 509 sunt
662 463 976 526 ἀφαιρεῖσθαι,
1007 467 1208 509 nimirum
1236 465 1346 521 quod
1375 465 1537 520 priscae
1556 462 1671 506 illius
1699 462 1813 503 aeta·

319 536 373 577 tis
402 535 650 578 domesticos
690 550 775 577 non
808 535 913 579 adeo
948 535 1030 577 sibi
1059 534 1223 577 furaces
1258 533 1386 577 fuisse
1413 531 1731 587 persuaserunt,
1768 528 1817 570 ut

319 604 365 646 in
397 618 542 646 caveas
573 603 837 646 dominorum
876 604 978 647 boni
1004 603 1155 647 malive
1186 602 1348 657 aliquid
1377 601 1464 644 vini
1493 597 1662 643 furandi
1691 609 1818 640 causa

320 674 643 717 descendissent.
703 674 835 717 Credo
861 689 940 729 ego
967 688 1110 716 omnes
1138 673 1323 715 omnium
1351 674 1538 714 aetatum
1566 666 1818 711 domesticos

322 743 488 786 easdem
517 758 680 798 semper
707 744 880 788 incudes
907 743 1134 795 tutudisse,
1164 742 1275 798 quod
1301 740 1500 796 perfacile
1540 741 1604 782 est
1632 733 1816 791 experiri

321 812 517 866 cupienti.
579 813 728 868 Itaque
757 813 864 855 nihil
893 812 1082 866 profecto
1109 811 1215 854 mihi
1243 811 1313 853 hic
1344 808 1610 852 commissum
1636 803 1816 854 videtur,

321 895 450 936 quare
486 882 541 924 ad
576 883 750 926 verbum
780 878 1100 941 ἀφαιρεῖσθαι
1122 880 1414 937 corrigendum
1447 877 1731 933 perfugiatur,
1766 874 1816 914 ut

323 965 431 993 unus
451 956 582 995 restet
604 953 743 995 hiatus
770 953 1051 1005 intolerabilis
1070 953 1182 996 inter
1200 947 1272 994 ἇεί
1292 953 1335 994 et
1354 946 1668 1007 ἀφαιρεῖσθαι,
1693 956 1819 999 quem

322 1019 462 1061 nescio
491 1034 546 1062 an
573 1020 717 1074 inepta
741 1021 889 1063 vocula
916 1016 988 1063 ἀεί
1016 1023 1180 1063 remota
1215 1019 1279 1062 ita
1307 1021 1422 1061 recte
1449 1014 1621 1072 regulae
1650 1025 1811 1056 accom-

323 1089 512 1133 modasse
532 1090 677 1133 videar
694 1089 901 1147 γλεύκους
924 1091 971 1135 δὲ
995 1089 1216 1143 ζέοντος
1245 1105 1297 1132 τι
1319 1084 1706 1145 ἀφαιρεῖσθαι
1725 1079 1816 1123 κτλ.

441 1160 560 1211 Quod
589 1160 641 1203 de
670 1161 843 1203 ferendo
882 1162 1003 1204 hiatu
1031 1161 1077 1203 in
1104 1160 1343 1203 nominibus
1371 1156 1554 1213 propriis
1593 1153 1683 1197 dixi
1707 1151 1822 1194 idem

323 1231 457 1285 accipi
485 1231 577 1273 volo
619 1231 671 1275 de
707 1232 845 1275 verbis
875 1231 959 1281 VI,
989 1236 1034 1283 7,
1069 1237 1086 1275 1
1118 1245 1156 1285 p.
1189 1234 1271 1275 692
1287 1246 1319 1282 e,
1344 1229 1419 1272 ubi
1465 1216 1839 1271 consentientibus

322 1299 442 1342 libris
469 1299 662 1342 omnibus
692 1300 849 1355 legitur
879 1297 921 1341 οὶ
953 1300 1001 1342 δὲ
1024 1297 1214 1341 παλαιοὶ
1243 1297 1317 1340 καὶ
1347 1293 1519 1355 τρύγα
1548 1292 1641 1336 τὸν
1670 1285 1820 1334 οἶνον

325 1362 526 1426 ἄντικρυς
552 1366 750 1421 ε’κάλουν,
783 1366 934 1426 ὥσπερ
966 1367 1108 1428 ψυχὴν
1138 1367 1213 1410 καὶ
1246 1364 1443 1425 κεφαλὴν
1471 1362 1545 1407 τὸν
1575 1357 1820 1420 ἄνθρωπον

324 1435 548 1493 εἰώθαμεν
589 1434 681 1481 ἀπὸ
709 1441 793 1481 τῶν
822 1435 1104 1496 κυριωτάτων
1138 1434 1515 1493 ὑποκορίζεσθαι,
1557 1431 1632 1476 καὶ
1659 1430 1821 1490 τρυγᾶν

323 1507 504 1564 λέγομεν
535 1507 637 1560 τοὺς
658 1509 959 1567 δρεπομένους
989 1507 1064 1566 τὴν
1087 1505 1331 1564 ἀμπελίνην
1359 1502 1543 1564 ὀπώραν
1571 1501 1662 1546 καὶ
1693 1502 1818 1545 δια-

326 1574 552 1633 τρύγιόν
595 1593 700 1620 που
731 1574 974 1635 “Όμηρος
1017 1574 1264 1635 εἴρηκεν,
1302 1575 1346 1617 in
1385 1574 1536 1630 quibus
1573 1569 1821 1615 Bensele‘rus

325 1659 502 1700 propere
548 1663 637 1689 που
672 1647 718 1689 in
759 1644 899 1690 τόπον
942 1645 1191 1689 mutandum
1237 1644 1498 1699 opinabatur.
1566 1641 1661 1684 Non
1697 1636 1822 1682 credo

325 1717 520 1771 equidem
551 1717 630 1760 hoc
657 1717 829 1772 probari
858 1731 997 1771 posse,
1028 1716 1102 1759 sed
1130 1719 1304 1770 propter
1333 1713 1567 1757 sententiae
1593 1711 1733 1754 labem
1758 1708 1817 1751 le-

323 1784 505 1840 gendum
534 1799 622 1828 esse
650 1783 725 1842 τὴν
745 1781 991 1840 αμπελινην
1019 1778 1202 1841 ὀπώραν
1232 1775 1293 1838 ἢν
1324 1778 1418 1822 καὶ
1449 1774 1700 1835 διατρύγιόν
1731 1790 1820 1818 που

316 1851 514 1911 Ὅμηρος
544 1852 728 1911 είρηκεν.
788 1854 897 1897 Nam
926 1851 1178 1910 διατρύγιον
1207 1867 1291 1894 non
1320 1854 1433 1894 recte
1462 1849 1531 1891 hic
1562 1847 1670 1891 sumi
1698 1859 1819 1901 posse

326 1924 378 1967 de
406 1925 497 1978 ipso
526 1926 622 1968 vino
652 1929 695 1968 et
723 1926 931 1968 Homerus
969 1925 1230 1967 demonstrat
1267 1926 1311 1965 et
1338 1920 1535 1963 disertius
1563 1919 1694 1962 etiam
1722 1930 1817 1971 p1·-o

325 1994 439 2036 xima
476 1994 605 2037 verba
642 1989 818 2037 αὐτὸν
860 1993 916 2037 δὲ
954 1991 1046 2037 τὸν
1094 1987 1250 2035 οἶνον
1290 1989 1470 2034 αἴθοπα
1516 1989 1589 2031 καὶ
1632 1983 1822 2046 ἐρυθρὸν

327 2063 464 2108 εἴωθε
504 2066 671 2118 καλεῖν,
716 2070 764 2108 ut
806 2066 1019 2110 verissime
1065 2065 1208 2108 docuit
1248 2063 1509 2107 Benselerus.
1575 2060 1741 2117 Neque,
1786 2058 1822 2101 si

325 2133 595 2176 Plutarchum
623 2134 847 2188 sumpsisse
869 2147 1084 2177 censemus
1107 2129 1360 2191 διατρύγιος
1389 2131 1441 2173 ab
1458 2130 1642 2173 Homero
1669 2126 1824 2171 alicubi

327 2199 377 2241 de
426 2199 515 2241 uvis
558 2200 736 2243 maturis
778 2202 1027 2254 usurpatum
1070 2198 1236 2249 fuisse,·
1258 2210 1511 2252 magnopere
1561 2193 1824 2249 periclitatur

328 2271 541 2313 Eustathii
570 2272 799 2314 auctoritas
826 2271 881 2314 ad
910 2270 1055 2327 Odyss.
1078 2286 1131 2321 ω,
1167 2273 1265 2320 340,
1296 2282 1390 2310 cum
1419 2270 1589 2321 praeter
1608 2264 1822 2321 volgarem

327 2342 517 2384 vocabuli
560 2342 974 2397 interpretationem,
1021 2344 1180 2384 temere
1234 2341 1450 2392 arreptam
1491 2336 1544 2379 ab
1586 2334 1820 2390 Apollonio,

327 2412 605 2495 διατρυγίους
643 2410 798 2474 όρχους
837 2414 921 2458 dici
961 2429 1062 2465 τους
1097 2409 1304 2463 οἶνικοὺς,
1349 2406 1464 2453 αλλὰ
1503 2406 1734 2459 τοιούτους
1761 2403 1822 2460 ὥς

326 2481 488 2535 μεταξὺ
528 2484 612 2525 τῶν
657 2483 769 2526 κατὰ
805 2483 860 2526 τὰ
900 2481 1018 2541 φυτὰ
1060 2478 1245 2534 στοίχων
1289 2476 1619 2538 παρεσπάρθαι
1656 2493 1700 2520 τι
1737 2479 1821 2521 τῶν

328 2546 559 2606 σπορίμων
600 2552 674 2594 καὶ
715 2550 820 2594 οἵων
861 2553 1138 2610 τρυγᾶσθαι,
1184 2549 1362 2591 alteram
1399 2548 1607 2590 veriorem
1642 2546 1822 2591 subiciat

326 2619 434 2661 hanc
465 2619 715 2678 διατρύγιον
744 2622 979 2678 significare
1013 2616 1239 2676 ἄμπελον,
1282 2610 1334 2677 ἧς
1374 2616 1417 2661 οὶ
1447 2616 1612 2677 καρποὶ
1644 2616 1690 2661 ἒν
1720 2618 1820 2660 δια-

329 2682 491 2743 φόροις
522 2692 693 2746 καιροῖς
724 2688 1034 2734 πεπαίνονται.
1083 2688 1144 2732 Ut
1171 2688 1257 2731 iam
1286 2691 1448 2731 veteres
1476 2688 1522 2731 in
1541 2687 1821 2743 explicatione

328 2756 452 2798 huius
478 2759 598 2809 vocis,
628 2760 783 2814 quippe
810 2775 887 2803 usu
907 2760 1149 2815 antiquatae
1163 2792 1172 2810 ,
1201 2757 1406 2801 titubasse
1433 2760 1635 2800 testatum
1662 2756 1821 2800 faciant

328 2824 539 2868 discordes
567 2826 647 2869 hae
667 2828 882 2871 Eustathii
909 2828 1168 2882 aliorumque
1192 2826 1501 2880 explicationes,
1559 2824 1625 2867 Ad
1642 2824 1820 2867 alteram

331 2896 442 2937 certe
462 2893 869 2949 interpretationem,
899 2909 1027 2953 quam
1046 2894 1254 2950 principio
1283 2894 1515 2951 posuimus,
1546 2907 1690 2938 eorum
1711 2906 1819 2950 quae
