1962 3314
905 126 1157 166 ..2-

287 235 489 279 Larentia
516 235 706 278 Faustuli
734 249 863 278 uxore
892 235 1177 279 narrationem
1205 250 1289 279 non
1316 250 1365 279 eo
1400 236 1644 292 adtigimus,
1688 248 1770 290 quo

285 303 536 345 sententiam
585 316 734 344 novam
781 303 863 357 ipsi
907 316 1252 358 proponeremus,
1299 303 1638 360 quandoquidem
1674 302 1770 345 novi

286 374 356 415 vix
391 374 615 428 quicquam
650 373 695 414 in
734 373 800 415 his
837 372 990 416 fabulis
1029 373 1081 416 de
1119 373 1351 429 originibus
1387 373 1671 416 Romanorum
1698 387 1767 415 ex-

288 441 463 496 cogitari
492 455 611 495 posse
640 441 814 484 videtur.
872 441 981 485 Nam
1008 443 1196 496 quamvis
1224 442 1277 486 ab
1311 443 1495 498 antiquis
1526 442 1769 485 serioribus-

288 525 367 565 que
406 510 624 566 Originum
663 511 994 565 conpositoribus
1038 511 1278 565 saepissime
1317 512 1499 566 repetita
1540 515 1583 555 et
1620 524 1771 566 magno

287 594 379 622 cum
408 581 546 623 studio
575 595 811 636 magnaque
841 581 1041 623 orationis
1061 581 1282 631 varietate,
1310 584 1359 623 ut
1385 580 1434 623 fit
1452 581 1497 623 in
1516 580 1641 624 rebus
1661 593 1768 622 com-

287 651 513 701 menticiis,
558 651 613 693 sit
649 651 853 704 exposita,
896 665 1099 692 summam
1127 653 1268 694 tamen
1307 665 1449 694 rerum
1489 651 1542 694 ab
1581 650 1773 693 omnibus

288 725 493 764 servatam
517 721 676 764 videbis
698 721 865 775 plenam
887 724 1013 776 atque
1038 720 1348 772 intemeratam,
1375 735 1628 776 quamquam
1653 723 1772 763 tanto

289 788 421 843 magis
451 803 476 830 a
504 788 644 842 prisca
671 788 806 831 forma
824 787 1044 839 deflexam,
1074 791 1230 843 quanto
1251 787 1515 831 artificiosius
1539 788 1774 842 scriptores,

289 858 325 900 si
354 857 455 913 quid
484 858 592 900 forte
612 873 734 901 verae
758 858 984 901 memoriae
1015 858 1090 901 sub
1120 858 1287 901 fabulae
1317 858 1542 902 involucris
1568 857 1773 902 inclusum

290 930 398 978 erat,
429 941 572 969 eruere
594 926 834 975 studebant,
864 930 911 969 ut
931 927 1144 970 verissime
1170 927 1215 970 in
1239 928 1367 970 simili
1396 942 1521 971 causa
1541 928 1777 972 observavit

291 992 602 1037 Schoemannus
618 994 687 1050 (de
702 994 827 1037 Tullo·
837 994 1015 1037 Hostilio
1039 1008 1138 1050 rege
1155 995 1439 1038 Romanorum
1463 1009 1503 1050 p.
1519 998 1544 1039 3
1557 1015 1614 1034 =
1627 995 1774 1050 Opusc.

292 1061 313 1103 I
332 1076 371 1117 p.
393 1063 471 1119 18).
510 1062 578 1105 Ita
604 1063 841 1105 Macrobius
870 1061 1034 1106 Saturn.
1058 1062 1097 1115 Ι,
1118 1068 1180 1115 10,
1210 1068 1258 1107 11
1291 1063 1448 1107 eisdem
1469 1064 1515 1106 ni
1539 1063 1663 1106 fallor
1682 1077 1774 1106 cum

292 1131 515 1174 Plutarcho
536 1146 634 1174 usus
653 1132 910 1183 auctoribus,
930 1147 1183 1187 quamquam
1200 1133 1482 1176 recentiorum
1498 1132 1628 1176 etiam
1642 1131 1774 1176 videri

294 1203 427 1256 possit
458 1202 751 1261 exornationes
781 1205 854 1244 aut
875 1202 940 1244 sui
959 1202 1118 1258 ingenii
1145 1206 1387 1256 persecutus
1418 1202 1603 1254 inventa,
1630 1206 1776 1245 contra
1805 1226 1809 1230 -

292 1269 617 1325 frequentiorem
654 1270 809 1312 famam
848 1270 1137 1313 Larentinalia
1175 1270 1380 1326 originem
1414 1270 1593 1313 traxisse
1631 1273 1777 1313 narrat

290 1338 343 1380 ab
383 1338 518 1381 altera
561 1338 775 1390 Larentia,
825 1339 878 1381 ab
921 1339 1102 1382 Hercule
1146 1339 1358 1395 quondam
1401 1353 1642 1394 conpressa,
1680 1353 1776 1382 mox

290 1407 450 1450 Tarutii
480 1407 592 1451 facta
618 1422 766 1460 uxore,
796 1423 923 1463 quam
943 1408 1119 1452 Faulam
1160 1424 1190 1453 s.
1221 1410 1420 1453 Favolam
1441 1409 1775 1465 cognominatam

291 1478 415 1520 fuisse
444 1481 653 1520 testantur
674 1478 917 1521 Lactantius
938 1479 1039 1522 Inst.
1055 1479 1095 1530 I,
1128 1482 1192 1531 20,
1216 1484 1240 1523 5
1264 1483 1307 1522 et
1326 1480 1512 1534 apertius
1529 1479 1776 1523 Plutarchus

290 1545 336 1586 in
363 1544 528 1595 Quaest.
556 1558 658 1587 rom.
691 1548 755 1588 35.
813 1544 907 1587 Non
948 1546 1082 1601 magis
1111 1560 1433 1590 commemorare
1474 1546 1637 1590 adtinet
1664 1546 1774 1602 quod

290 1611 468 1654 aliorum
494 1611 746 1665 scriptorum
776 1611 906 1654 veluti
936 1611 1072 1654 Licini
1107 1612 1242 1655 Macri
1270 1612 1472 1669 (Macrob.
1502 1612 1527 1654 l.
1550 1613 1577 1655 l.
1608 1616 1673 1669 17)
1703 1626 1772 1655 ne·

291 1679 502 1736 glegentia
530 1679 595 1722 vel
624 1679 769 1734 inepta
795 1678 1028 1734 loquacitas
1057 1682 1293 1722 commenta
1324 1686 1388 1722 est
1415 1679 1468 1722 de
1489 1678 1600 1722 Acca
1619 1678 1772 1722 Laren-

291 1753 372 1802 tia,
408 1749 600 1793 Faustuli
639 1749 740 1791 olim
778 1749 972 1804 coniuge,
1012 1763 1109 1791 mox
1146 1751 1349 1804 regnante
1389 1747 1566 1790 Romulo
1607 1746 1776 1790 Camtio

293 1819 459 1862 cuidam
486 1819 617 1862 Tusco
646 1818 824 1862 conubio
849 1818 993 1861 iuncta
1014 1820 1217 1873 auctaque
1248 1817 1483 1860 hereditate
1512 1818 1619 1869 eius,
1649 1831 1775 1872 quam

293 1888 466 1943 posthac
506 1888 681 1930 Romulo
718 1887 947 1942 reliquerit.
1020 1886 1107 1930 Nec
1146 1877 1324 1930 multum
1364 1887 1543 1943 denique
1585 1901 1777 1930 curamus

292 1958 489 2013 pusillum
535 1957 785 2008 dissensum,
832 1971 957 2012 quem
1010 1956 1192 2000 severior
1245 1955 1530 2016 antiquiorum
1580 1947 1778 1998 historias

292 2026 502 2070 scribendi
527 2026 635 2069 ratio
665 2029 709 2068 et
736 2025 887 2069 subtile
907 2025 953 2067 in
975 2025 1225 2068 testimoniis
1245 2025 1535 2068 examinandis
1552 2038 1776 2080 rerumque

292 2096 427 2139 causis
464 2094 713 2150 indagandis
749 2095 968 2146 iudicium,
1009 2095 1139 2138 veluti
1166 2095 1220 2136 M.
1250 2094 1371 2137 Porci
1407 2093 1576 2137 Catonis
1609 2095 1655 2136 in
1683 2093 1773 2136 Ori·

293 2165 475 2221 ginibus,
507 2165 746 2220 amplexum
767 2169 845 2217 est,
875 2165 1118 2208 Larentiam
1138 2164 1376 2220 meretricio
1401 2167 1578 2218 quaestu
1601 2164 1775 2208 mirifice

292 2235 589 2289 locupletatam
617 2235 819 2290 populum
849 2235 1083 2278 Romanum
1113 2234 1312 2278 heredem
1341 2248 1610 2288 nuncupasse.
1654 2232 1777 2276 Ouius

294 2306 355 2348 rei
383 2305 631 2362 significatio
659 2306 772 2349 haud
800 2305 978 2348 multum
1007 2305 1147 2348 differt
1168 2320 1194 2348 a
1219 2304 1479 2359 Rhodopidis
1500 2304 1773 2347 celebratissi-

294 2389 385 2417 mae
411 2376 644 2419 meretricis
668 2375 922 2419 liberalitate
951 2389 1027 2428 pro
1050 2375 1239 2430 neglecto
1260 2373 1419 2428 pudore
1449 2374 1643 2417 decumas
1663 2388 1774 2417 mer-

247 2481 254 2489 .
294 2442 442 2485 cedum
470 2443 746 2486 multaticiam
762 2443 882 2498 quasi
909 2456 1088 2497 poenam
1116 2442 1162 2483 in
1186 2441 1488 2484 Acanthiorum
1516 2445 1560 2484 et
1577 2440 1777 2484 Brasidae

294 2509 500 2552 thesauris
521 2510 782 2564 deponentis,
809 2510 925 2552 cuius
946 2509 1102 2552 mentio
1123 2512 1239 2551 extat
1259 2507 1372 2563 apud
1384 2507 1538 2551 Herod.
1554 2508 1607 2559 Π,
1628 2512 1705 2552 134
1717 2522 1776 2564 sq.

295 2578 399 2620 Plut.
420 2578 523 2620 Mor.
545 2592 583 2631 p.
609 2583 691 2623 400
706 2578 732 2620 f.
754 2578 914 2622 Aelian.
937 2592 971 2619 v.
990 2578 1030 2619 h.
1052 2576 1177 2628 XIII,
1197 2580 1261 2620 33.
1318 2576 1454 2631 Atque
1485 2576 1590 2619 haec
1608 2574 1778 2631 quidem

284 2648 554 2702 'Rhodopidis
574 2649 815 2702 conparatio
842 2651 1066 2703 propterea
1086 2661 1170 2689 non
1189 2647 1265 2689 abs
1284 2661 1330 2688 re
1349 2646 1440 2690 fieri
1460 2646 1635 2698 videtur,
1665 2645 1775 2702 quod

295 2718 469 2761 eandem
489 2718 665 2760 duarum
699 2718 881 2762 eiusdem
903 2718 1082 2761 nominis
1101 2716 1323 2760 mulierum
1345 2716 1645 2769 confusionem,
1674 2730 1772 2772 qua-

296 2800 388 2828 rum
426 2786 604 2829 alteram
633 2787 821 2830 novimus
849 2783 1143 2830 Psammetichi
1181 2800 1353 2828 uxorem
1383 2786 1670 2842 sepultamque
1701 2785 1776 2828 sub

296 2856 531 2914 pyramide,
569 2859 617 2898 ut
639 2858 821 2911 priscam
849 2858 1090 2902 Larentiam
1107 2858 1152 2899 in
1178 2856 1382 2908 Velabro,
1422 2857 1598 2901 alteram
1626 2855 1778 2909 Aesopi
