1962 3314
910 146 1237 188 ,-76—-

344 259 439 309 post
459 261 489 298 ἀ
516 256 667 298 vocalis
697 255 922 309 adspirata,
944 259 1102 298 certam
1122 256 1326 310 dispicere
1351 256 1508 310 poteris
1533 257 1732 313 regulam,
1760 258 1836 300 im-

343 341 410 368 mo
439 327 484 368 in
515 325 765 380 quibusdam
801 341 894 368 cum
935 322 1049 368 οἷλλά
1080 329 1123 369 et
1151 325 1223 368 ἳίἀ
1255 327 1481 380 conpositis
1520 328 1730 380 formulis,
1768 342 1836 371 ve-

341 395 419 436 luti
448 395 493 436 in
524 391 617 436 ἀλλ’
649 391 720 445 ὥς,
754 390 848 437 ἀλλ’
879 392 1044 452 ὥσπερ,
1080 389 1174 436 ἀλλ’
1208 392 1288 447 ὅτι,
1323 391 1417 438 ἀλλ’
1447 395 1585 448 ἕνεκα,
1619 391 1836 448 ἀλλ’ὑπό,

345 459 440 506 ἀλλ’
471 460 575 520 ὅρα,
605 459 658 505 ‘lv'
689 461 843 518 ὥσπερ
885 467 1053 506 centum
1083 464 1195 515 aliis,
1225 479 1322 507 casu
1342 465 1518 509 fortasse
1548 466 1682 522 magis
1711 481 1839 522 quam

345 531 518 573 consilio
541 523 763 586 ‘aliquanto
792 532 1049 586 frequentior
1079 532 1261 574 occurrit
1290 533 1419 575 elisio.
1459 533 1604 588 Neque
1633 533 1838 577 eiusmodi

343 601 579 654 inparilitas
607 615 684 655 per
710 616 752 644 se
781 602 907 655 plane
947 601 1148 644 abhorret
1188 602 1241 644 ab
1283 603 1564 646 recentiorum
1592 604 1842 658 scriptorum

341 667 514 710 licentia
540 667 611 722 vel⁴
625 668 768 711 dedita
796 683 925 722 opera
957 669 1253 712 vocabulorum
1281 670 1437 713 formas
1459 672 1725 714 miscentium
1742 672 1836 726 (Lo-

347 736 452 778 beck
484 736 666 792 Parerga
693 737 747 779 ad
769 738 921 793 Phryn.
951 753 989 792 p.
1015 739 1125 795 496).
1169 738 1249 782 Sed
1276 754 1531 795 quamquam
1567 756 1650 784 non
1679 742 1842 784 nescius

344 819 444 856 sum,
467 820 549 847 uno
579 806 761 849 alterove
793 807 982 861 exemplo
1012 811 1076 849 tot
1105 809 1317 863 tantisque
1347 811 1570 853 contrariis
1598 812 1839 854 extantibus

343 878 430 917 tam
454 875 680 929 ancipitem
698 890 747 918 ac
772 875 1027 918 salebrosam
1049 890 1138 919 rem
1157 876 1307 919 confici
1329 892 1412 919 non
1434 892 1565 932 posse,
1590 878 1839 933 praesertim

344 959 438 986 cum
467 945 569 999 quid
600 945 761 988 scribae
803 946 847 1005 111
877 946 956 987 1100
987 960 1138 1001 genere
1168 946 1219 989 de
1249 961 1322 989 suo
1351 947 1494 1002 largiti
1525 948 1610 990 sint
1637 962 1721 990 non
1750 962 1835 991 ma-

342 1015 405 1069 gis
435 1014 602 1057 definiri
627 1015 770 1068 possit,
794 1029 998 1070 perquam
1022 1015 1176 1057 mirum
1204 1019 1346 1058 tamen
1375 1020 1439 1060 est
1461 1017 1507 1059 in
1535 1017 1697 1073 aliquot
1717 1016 1832 1073 Sym-

341 1086 603 1141 posiacorum
633 1086 744 1137 locis,
771 1090 819 1128 ut
848 1087 892 1127 in
920 1086 988 1128 his
1016 1086 1138 1129 libris
1167 1101 1364 1130 111111011ιο
1395 1088 1642 1139 contineam,
1671 1087 1837 1131 vocales

342 1162 635 1201 concurrentes
681 1173 764 1200 non
805 1172 926 1212 posse
980 1158 1266 1209 exterminari,
1316 1159 1398 1201 nisi
1444 1159 1754 1202 violentissimis
1804 1159 1839 1201 si

341 1228 463 1270 modo
491 1229 536 1270 in
561 1231 758 1282 promptu
784 1231 880 1270 sunt
909 1227 1111 1270 adhibitis
1127 1228 1335 1280 remediis,
1354 1233 1402 1271 ut
1429 1229 1615 1271 nesciam
1639 1244 1694 1272 an
1715 1243 1835 1283 prae-

340 1299 447 1341 sidia
464 1299 716 1341 defensionis
730 1299 774 1340 in
800 1298 1086 1352 adspiratione
1107 1298 1312 1341 vocalium
1328 1299 1680 1354 subsequentium,
1705 1313 1835 1354 quan-

340 1370 392 1413 do
421 1370 486 1412 vel
514 1370 652 1413 brevis
680 1373 966 1424 praeponatur
991 1370 1108 1412 brevi
1133 1370 1198 1413 vel
1222 1371 1362 1413 brevis
1397 1371 1556 1426 longae,
1586 1371 1838 1414 constituere

340 1443 547 1493 praestet,
578 1454 705 1494 quam
729 1439 811 1482 loci
840 1439 1092 1482 medicinam
1121 1440 1167 1481 in
1196 1440 1531 1483 coniecturarum
1559 1441 1696 1484 aleam
1726 1455 1834 1484 com-

339 1511 506 1553 mittere
545 1510 671 1565 idque
710 1510 799 1554 81110
832 1510 918 1552 11110
958 1525 1082 1564 saepe
1123 1511 1355 1554 sententiae
1395 1511 1688 1555 emolumento.
1759 1512 1836 1562 Ita,
1895 1500 1898 1503 ⁵

340 1579 451 1634 quod
480 1579 525 1621 in
554 1583 815 1622 antecessum
843 1579 1097 1631 monuerim,
1137 1594 1221 1622 non
1265 1580 1430 1623 videtur
1467 1580 1674 1634 proscribi
1716 1574 1837 1635 posse

341 1649 389 1700 V,
421 1654 456 1700 7,
486 1653 509 1692 3
539 1663 579 1703 p.
612 1644 838 1693 68120&
870 1642 1021 1700 οἶσθα,
1055 1645 1178 1706 ἔφην,
1213 1646 1283 1691 ὅτι
1314 1647 1610 1702 πάσχουσα
1641 1646 1664 1706 ἡ
1698 1648 1838 1709 ψυχὴ

342 1718 392 1762 τὸ
427 1721 551 1774 σῶμα
583 1716 852 1774 διατίθησιν,
883 1718 929 1759 111
958 1718 1109 1772 quibus
1135 1719 1382 1762 Benselerus
1418 1719 1524 1761 miro
1554 1719 1745 1761 acumine
1769 1733 1832 1760 ar-

340 1787 517 1830 ticulum
546 1786 677 1829 deleri
705 1800 825 1840 posse
855 1786 1116 1840 opinabatur.
1177 1787 1263 1830 Nec
1303 1787 1680 1841 obtemperandum
1710 1790 1830 1841 puta.-

343 1859 473 1901 verim
502 1858 639 1900 eidem
668 1858 749 1899 viri
779 1857 901 1900 docto
929 1858 1023 1909 VII,
1055 1862 1091 1910 6,
1123 1862 1146 1902 3
1173 1873 1212 1912 p.
1236 1863 1353 1902 709a
1380 1859 1426 1900 in
1443 1858 1581 1901 verbis
1611 1857 1649 1900 εἰ
1681 1857 1730 1901 δὲ
1758 1859 1833 1915 μὴ,

339 1932 425 1972 τῶν
465 1926 587 1971 ἰδίων
626 1925 768 1984 φίλων
810 1922 886 1978 οὓς
927 1923 979 1969 ἂν
1029 1928 1102 1971 καὶ
1144 1923 1304 1985 ἤθελεν
1345 1924 1478 1980 αὐτὸς
1525 1925 1773 1971 ἑλέσθαι
1810 1924 1834 1970 ὁ

340 1998 592 2052 δειπνίζων,
622 1999 699 2042 ubi
727 1999 762 2041 si
789 1999 1079 2052 transponitur
1108 2000 1153 2041 in
1182 1999 1293 2041 hunc
1323 1999 1493 2041 modum
1524 1997 1654 2047 αὐτὸς
1686 1994 1709 2040 ὁ
1746 1999 1835 2041 det-

345 2064 506 2118 πνίζων
538 2062 725 2108 ἑλέσθαι
764 2065 925 2108 foedior
963 2065 1094 2107 multo
1125 2066 1169 2107 ni
1199 2065 1323 2119 fallor
1352 2066 1498 2108 existit
1540 2065 1683 2107 hiatus
1724 2065 1835 2106 inter

344 2134 531 2179 ἑλέσθαι
575 2139 617 2178 et
646 2135 757 2190 quod
796 2135 984 2190 sequitur
1031 2134 1240 2192 ἐπιεικής.
1302 2135 1461 2178 Eadem
1498 2135 1620 2177 venia
1658 2134 1835 2178 fortasse

339 2205 565 2247 condonari
604 2208 745 2259 posset
792 2205 933 2247 hiatus
963 2204 1020 2256 V,
1056 2209 1127 2256 10,
1169 2210 1195 2248 4
1230 2212 1269 2259 'p.
1301 2208 1382 2249 685
1395 2206 1422 2247 d
1467 2206 1512 2247 in
1549 2205 1617 2247 his
1660 2202 1833 2262 σιωπή-

340 2291 496 2325 σαντος
528 2275 576 2318 ὁὲ-
601 2290 708 2329 μου,
749 2274 927 2325 Φιλῖνος
957 2271 1220 2330 ὑπολαβών,
1250 2274 1300 2317 τὸ
1341 2274 1389 2318 δὲ
1417 2273 1596 2331 γόνιμον
1624 2270 1680 2316 ὀὗ
1711 2275 1833 2317 δοκεῖ

339 2359 423 2394 σοι,
445 2341 543 2401 ἔφη,
566 2346 693 2386 θεῖον
718 2338 842 2395 εἶναι,
877 2340 1041 2400 εἴπερ
1076 2339 1230 2402 ἄρχει
1261 2341 1283 2386 ὃ
1316 2343 1452 2395 θεὸς
1484 2342 1720 2396 πάντων,
1749 2344 1833 2387 nisi

339 2414 546 2456 sententia
574 2414 710 2456 locum
739 2414 832 2455 vitii
851 2417 1056 2469 argueret.
1086 2413 1245 2456 Verum
1279 2429 1355 2457 1100
1375 2413 1677 2469 Wyttenbachi
1706 2410 1834 2471 εἴπερ

340 2480 446 2541 ἀρχὴ
478 2479 500 2524 ὃ
532 2481 650 2534 θεός,
680 2497 756 2525 1100
777 2483 922 2525 Reiski
953 2479 1080 2540 εἴπερ
1103 2476 1239 2540 ἄρχει,
1273 2480 1485 2541 καθάπερ
1517 2478 1541 2524 ὃ
1564 2481 1687 2534 θεὸς,
1720 2479 1832 2524 πάν-

343 2569 450 2605 των,
500 2569 577 2597 nec
622 2554 803 2608 denique
849 2554 960 2608 quod
996 2554 1210 2604 Faehsius,
1253 2554 1325 2608 qui
1374 2553 1660 2596 Plutarchum·
1682 2553 1834 2595 misere

339 2627 532 2677 torquere
563 2623 676 2674 solet,
706 2623 867 2665 invenit
897 2619 1023 2679 εἴπερ
1063 2617 1185 2679 ἄρχει
1215 2621 1322 2673 θεὸς
1349 2619 1431 2673 ὥς,
1473 2622 1539 2665 0111
1569 2620 1681 2677 quod
1705 2620 1836 2663 miror

341 2693 586 2735 Benselerus
633 2693 834 2735 adsensus
874 2695 956 2742 est,
1004 2691 1105 2734 ferri
1145 2694 1329 2744 possunt.
1411 2691 1462 2732 In
1505 2689 1727 2745 propatulo
1771 2691 1835 2731 est

343 2755 366 2801 ὃ
396 2758 505 2810 θεός
540 2761 647 2802 nihil
678 2775 766 2803 esse
795 2760 875 2802 nisi
905 2760 1324 2813 interpretamentum
1364 2759 1559 2801 monachi
1602 2756 1832 2807 christiani,

342 2828 408 2869 cui
438 2829 651 2870 obscurius
686 2829 751 2870 vel
778 2828 966 2883 argutius
1016 2826 1175 2868 dictum
1203 2825 1424 2867 videbatur
1458 2824 1571 2880 quod
1600 2824 1761 2866 invenit
1786 2823 1832 2864 in

340 2893 576 2949 archetypo.
656 2894 803 2950 Itaque
846 2909 968 2938 nemo
1014 2894 1226 2938 dubitabit
1267 2895 1405 2938 locum
1448 2895 1510 2938 ita
1561 2908 1723 2939 mecum
1764 2907 1829 2937 re-
