1962 3314
880 153 1159 195 ...28-

272 263 423 318 quibus
442 262 613 325 honoris
634 277 760 307 causa
780 265 950 307 nomino
972 264 1235 308 Fridericum
1254 265 1510 318 Kranerum,
1537 265 1622 308 heu
1639 278 1770 320 quon-

272 333 370 377 dam
400 338 606 376 nostrum!
638 349 763 390 quem
791 335 914 378 nimis
948 333 1077 393 ἀώρῳ
1105 333 1288 393 θανάτῳ
1315 339 1357 378 31
1384 335 1504 379 nobis
1535 337 1579 377 et
1619 332 1775 376 litteris

274 405 557 448 crudelissime
577 409 766 459 ereptum
785 406 977 462 lugemus
999 420 1160 458 omnes,
1180 409 1223 449 et
1239 405 1432 450 Carolum
1444 405 1649 449 Sintenim
1665 403 1773 456 V.cl.,

274 487 451 528 quorum
471 473 588 525 alter,
619 475 904 518 consentiente
925 475 969 516 ni
986 474 1110 517 fallor
1123 474 1361 517 Godoiredo
1382 474 1641 525 Hermanno,
1668 473 1768 515 scri·

272 543 454 585 bendum
480 544 698 597 proposuit
723 539 848 586 καθ’
872 542 944 602 εὕρ
959 560 1031 596 αν,
1064 544 1175 599 quod
1198 559 1274 600 ego
1296 544 1394 586 olim
1418 544 1464 586 in
1486 543 1669 587 editione
1695 542 1769 585 Di-

274 609 445 653 dotiana
463 611 679 665 amplexus
699 626 817 654 eram
839 611 1092 663 dubitanter,
1119 612 1228 655 alter
1245 612 1484 666 nuperrime
1506 609 1766 654 commenda-

274 682 347 725 bat
362 677 466 724 καθ’
480 678 651 740 Ἱμέραν
667 686 842 737 propter
856 682 1156 738 Thucyd.V111‚
1181 687 1216 734 1,
1237 682 1347 738 quod
1366 682 1472 725 mihi
1487 695 1651 737 quoque
1670 680 1771 724 olim

274 751 318 792 in
349 754 532 794 mentem
561 751 722 794 venisse
752 751 935 794 memini.
994 750 1175 793 Videtur
1203 755 1345 794 tamen
1369 765 1503 806 neque
1523 746 1627 792 καθ’
1649 747 1769 806 ὥραν

274 821 375 864 33113
405 821 654 863 conveniens
685 835 790 872 esse,
831 821 1028 876 quoniam
1057 821 1168 876 quod
1195 835 1279 863 non
1309 814 1382 863 suo
1411 824 1598 874 tempore
1628 821 1763 862 custo—

274 892 442 935 divisset
455 892 625 947 Gylippi
656 891 882 934 adventum
917 894 965 933 ut
994 892 1162 947 gravius
1194 891 1433 942 efferretur,
1473 890 1590 933 nulla
1618 889 1772 932 idonea

274 965 366 1003 erat
394 975 537 1011 causa,
574 975 668 1002 cum
698 960 814 1004 33113,
830 963 940 1003 33331
979 963 1125 1003 notare
1169 959 1305 1001 nullos
1341 959 1511 1001 omnino
1541 957 1765 1011 dispositos

274 1021 400 1074 fuisse
427 1032 590 1087 vigiles,
621 1046 799 1086 quorum
829 1045 928 1085 ope,
958 1030 1060 1085 quid
1090 1034 1338 1073 eventurum
1368 1031 1496 1080 esset,
1526 1028 1644 1084 signo
1673 1026 1773 1070 dato

275 1101 569 1144 admoneretur
591 1100 743 1142 Nicias.
804 1099 948 1154 Neque
981 1113 1056 1155 ego
1082 1098 1207 1141 hodie
1229 1097 1455 1141 admodum
1473 1095 1648 1139 laudare
1674 1108 1768 1149 pos-

276 1187 367 1215 sum
393 1167 498 1215 καθ’
524 1167 713 1228 Ἱμέραν,
759 1169 872 1226 quod
900 1170 971 1212 vix
999 1173 1102 1224 puto
1132 1170 1184 1212 ab
1216 1169 1308 1223 ipso
1338 1167 1500 1210 Sintem'
1529 1166 1772 1209 etiamnunc

276 1240 455 1284 defendi.
514 1240 610 1283 Iure
652 1240 763 1283 enim
802 1239 1058 1295 quaerimus,
1097 1237 1208 1281 unde
1249 1237 1491 1294 cognoverit
1525 1235 1668 1278 Nicias
1705 1234 1771 1277 vel

276 1323 395 1352 nosse
424 1308 610 1363 potuerit
644 1307 815 1363 Gylippi
853 1321 980 1350 naves
1017 1306 1071 1349 ad
1108 1307 1326 1349 Himeram
1363 1304 1585 1359 appulsum
1612 1303 1683 1354 iri,
1710 1305 1773 1344 rut

274 1379 362 1421 illic
391 1378 653 1432 potissimum
683 1377 839 1419 milites
877 1376 931 1419 ad
972 1390 1116 1419 curam
1145 1374 1358 1418 custodiae
1397 1372 1616 1416 intendere
1646 1385 1766 1426 opor-

273 1449 402 1496 teret,
432 1445 558 1486 immo
579 1443 877 1487 adventantem
899 1443 1070 1499 Gylippi
1093 1443 1267 1486 classem
1287 1443 1322 1485 si
1345 1441 1554 1493 custodire
1575 1439 1772 1483 volebant

275 1514 613 1570 diligentissime,
638 1528 689 1555 ne
707 1513 893 1567 inparati
913 1513 1262 1567 opprimerentur,
1284 1515 1374 1555 tota
1396 1527 1470 1554 ora
1487 1512 1563 1566 per
1582 1509 1772 1573 speculas

275 1583 524 1638 disponendi
554 1587 675 1626 erant
703 1582 911 1634 custodes,
941 1598 964 1625 e
995 1582 1149 1638 quibus
1175 1584 1421 1637 prospectus
1441 1583 1551 1624 esset
1571 1580 1616 1622 111
1638 1579 1770 1622 altum

276 1666 410 1701 mare,
441 1653 488 1691 ut
516 1650 672 1692 factum
692 1649 925 1703 reperimus
954 1664 987 1692 e.
1006 1665 1042 1705 g.
1069 1649 1113 1690 in
1142 1648 1254 1691 bello
1278 1648 1431 1704 punico
1457 1646 1649 1698 secundo,
1677 1661 1771 1689 cum

276 1720 644 1775 Carthaginienses
660 1719 906 1775 Lilybaeum
926 1723 1066 1763 essent
1085 1718 1328 1773 occupaturi
1341 1718 1431 1775 (cfr.
1445 1718 1530 1760 Liv.
1542 1717 1667 1769 XXI,
1687 1716 1769 1774 49).

274 1789 384 1831 Illud
405 1792 545 1832 autem
567 1803 650 1831 non
671 1788 899 1832 verendum
918 1789 1094 1840 videtur,
1124 1804 1175 1831 ne
1198 1788 1365 1831 mirifici
1385 1788 1585 1844 loquendi
1606 1787 1772 1844 generis

277 1858 475 1918 φυλακὴν
506 1858 713 1916 καθαρὰν
748 1860 986 1902 ποιεῖσθαι
1025 1859 1091 1902 vel
1121 1859 1334 1917 καθαρῶς
1366 1859 1604 1900 ποιεῖσθαι
1639 1856 1773 1900 3001113

275 1931 499 1973 advocetur
528 1929 618 1983 ipse
648 1929 897 1972 Plutarchus
927 1930 971 1971 in
999 1929 1143 1972 Timol.
1180 1932 1250 1980 16,
1287 1927 1361 1971 11111
1390 1927 1536 1970 scribit
1569 1924 1766 1984 πατρίδα

276 1998 490 2055 καθαρῶς
505 1995 579 2039 καὶ
592 1998 758 2048 πιστῶς
771 1995 1100 2054 διαφυλάττειν,
1113 1997 1179 2040 vel
1190 1995 1473 2047 Demosth.13,
1482 1995 1556 2038 ubi
1573 1992 1772 2038 narratur

275 2068 483 2123 quispiam
505 2068 719 2124 καθαρῶς
738 2065 902 2110 ἕκαστα
924 2065 1146 2124 πράττειν,
1180 2067 1244 2110 vel
1276 2082 1327 2110 ex
1357 2066 1530 2110 noviciis
1548 2065 1674 2109 Anna
1696 2064 1769 2108 Co-

275 2149 428 2177 mncna
443 2134 557 2176 Alex.
574 2134 605 2185 1,
626 2138 650 2177 5
664 2147 703 2187 p.
721 2137 785 2184 30,
813 2137 861 2177 18
879 2135 1094 2192 καθαρῶς
1125 2134 1389 2193 τρέψασθαι
1414 2133 1491 2176 τὸν
1511 2130 1770 2185 ἀντίπαλον,

277 2206 321 2247 111
347 2205 498 2260 quibus
527 2204 727 2258 exemplis
758 2220 809 2247 ex
827 2205 1019 2259 proximo
1046 2205 1362 2248 occurrentibus
1392 2219 1513 2247 nemo
1545 2219 1629 2247 non
1658 2203 1772 2247 videt

275 2272 496 2332 καθαρός.
545 2279 592 2316 111
620 2275 664 2316 111
693 2276 919 2318 notissimis
951 2275 1133 2334 καθαρὰ
1165 2272 1321 2333 ἡδονή,
1361 2275 1473 2330 quod
1501 2275 1771 2329 interpretari

274 2342 373 2383 licet
395 2344 583 2397 liquidam
611 2345 839 2399 voluptatem
864 2344 925 2386 vel
953 2342 1134 2397 καθαρὰ
1160 2339 1284 2387 εὐδία
1314 2346 1480 2387 nitidam
1513 2347 1636 2386 maris
1663 2347 1767 2387 tran-

274 2412 504 2464 quillitatem
534 2411 744 2467 (Meineke
775 2412 829 2454 ad
859 2412 1044 2466 Alciphr.
1076 2427 1113 2466 p.
1154 2415 1269 2470 172),
1313 2414 1436 2469 longe
1465 2413 1579 2456 aliud
1610 2413 1766 2470 signifi—

276 2493 386 2528 care,
415 2494 539 2533 quam
561 2480 671 2535 quod
698 2481 912 2524 commode
941 2485 1083 2524 nostro
1111 2482 1202 2524 loco
1227 2481 1310 2524 dici
1336 2482 1524 2536 potuerit
1546 2483 1634 2536 (cfr.
1651 2482 1769 2539 wyt-

274 2546 385 2589 tenb.
417 2547 470 2588 ad
495 2548 600 2591 Plut.
627 2549 727 2593 Mor.
748 2565 787 2604 p.
813 2555 860 2594 41
881 2549 936 2605 f.).
981 2551 1082 2594 Cum
1113 2551 1224 2594 enim
1246 2551 1381 2594 nullas
1404 2551 1528 2606 plane
1551 2565 1628 2606 per
1653 2565 1770 2594 oram

277 2616 497 2670 dispositas
533 2619 658 2662 fuisse
688 2621 897 2663 custodias
926 2621 1015 2664 iure
1043 2620 1164 2663 nobis
1195 2620 1440 2664 concludere
1471 2620 1688 2663 videamur
1719 2635 1771 2663 ex

275 2687 476 2739 proximis
506 2691 566 2744 τῷ
596 2691 878 2741 παντελῶς
918 2687 1232 2747 ὑπερορᾶσθαι
1263 2687 1338 2732 καὶ
1366 2692 1770 2747 καταφρονεῖσθαι,

277 2755 386 2808 quod
425 2757 562 2798 minus
600 2758 760 2801 sincere
798 2759 862 2802 vel
898 2758 1040 2813 paullo
1078 2758 1288 2800 incautius
1327 2759 1386 2801 eis
1426 2773 1523 2801 usus
1559 2758 1770 2802 diceretur

276 2823 432 2874 Nicias,
460 2831 729 2879 praepostere
751 2829 874 2882 plane
894 2828 1103 2871 adiectum
1129 2830 1247 2870 esset.
1306 2827 1462 2878 Quodsi
1487 2831 1630 2871 tamen
1655 2830 1769 2870 recte

275 2891 583 2947 significaturus
605 2899 696 2938 erat
715 2900 869 2947 auctor,
896 2896 940 2938 id
961 2895 1072 2951 quod
1094 2895 1330 2950 praefracte
1353 2896 1609 2952 negaverim,
1635 2898 1768 2938 custo-
