1962 3314
900 176 957 186 —
1013 157 1041 197 4
1098 174 1155 184 .-

282 263 388 316 lum,
415 263 526 320 quod
552 263 751 307 Larentia
788 262 842 307 ab
876 263 1045 308 aedituo
1084 264 1132 306 in
1170 264 1365 307 Herculis
1399 279 1521 308 usum
1558 263 1775 316 conducta,

282 335 390 378 miro
430 334 620 390 profecto
659 334 851 377 acumine
885 337 976 376 tum
1018 334 1221 388 temporis
1257 336 1422 377 nondum
1455 335 1611 388 famosa
1647 333 1774 376 fuisse

287 404 566 461 significatur,
607 417 701 446 cum
739 404 990 457 praesertim
1026 406 1068 446 et
1112 404 1242 447 ceteri
1274 419 1417 448 omnes
1451 409 1494 448 et
1527 403 1776 448 Plutarchus

284 474 329 515 in
357 473 489 516 altero
532 472 624 515 loco
665 473 921 516 contrariam
959 476 1171 516 sectentur
1211 475 1462 519 sententiam
1499 479 1542 518 et
1581 477 1772 518 constan-

241 540 245 544 ’
284 541 489 583 tissimam
533 540 660 583 etiam
704 543 752 582 ut
801 539 970 582 videtur
1009 540 1224 582 annalium
1262 541 1596 585 affirmationem.
1662 540 1778 583 Dicit

284 611 395 653 enim
423 610 449 652 1.
477 610 503 652 1.
532 609 670 652 verbis
696 609 869 652 minime
899 609 1107 652 obscuris:
1140 611 1236 660 ταῖς
1263 604 1340 652 οὖν
1375 607 1668 669 προκλήσεσιν
1700 607 1777 663 ἐμ-

284 681 424 735 μένων
461 675 683 737 τράπεζάν
717 695 764 722 τε
802 679 1115 737 λαμπροτέραν
1155 677 1459 736 παρεσκεύασε
1491 681 1553 735 τῷ
1583 679 1675 734 θεῷ
1704 676 1775 719 καὶ

286 747 363 804 τὴν
384 745 639 806 Λαρεντίαν
669 746 944 806 παραλαβών
975 747 1235 804 ἐμφανῶς
1265 745 1611 806 ἑταιροῦσαν
1641 743 1776 790 εἱστί-

289 833 390 870 ασε,
432 818 679 873 quibuscum
716 816 970 868 adamussim
1009 829 1141 870 paene
1184 817 1437 870 conspirant.
1462 814 1700 859 Macrobius
1735 816 1778 856 et

288 885 557 941 Augustinus,
589 898 766 940 quorum
795 884 917 927 alteri
946 884 1189 926 Larentiam
1219 898 1462 939 nuncupare
1491 883 1652 938 placuit
1679 883 1777 924 nobi-

290 958 485 998 lissimum
524 956 569 996 id
604 959 786 1009 temporis
825 958 1013 1005 scortum,
1051 953 1175 996 alteri
1212 946 1489 997 nobilissimam
1527 955 1777 1002 meretricem,

289 1022 441 1078 quibus
473 1036 557 1064 non
591 1013 873 1079 obloquuntur
901 1021 1061 1064 Gellius
1079 1021 1159 1073 VI,
1204 1026 1228 1064 7
1262 1025 1306 1064 et
1335 1021 1580 1065 Lactantius
1608 1020 1709 1063 Inst.
1746 1018 1777 1070 I,

291 1096 363 1144 20,
394 1106 645 1148 quamquam
673 1105 758 1133 non
786 1090 1011 1134 admodum
1038 1091 1274 1134 luculentus
1301 1091 1452 1134 harum
1479 1105 1621 1134 rerum
1648 1089 1778 1132 testis.

292 1162 450 1206 Verum
487 1163 591 1204 haec
621 1163 769 1204 omitto
797 1165 845 1203 ut
873 1162 1072 1217 ambigua
1100 1165 1143 1204 et
1172 1162 1217 1203 in
1247 1165 1441 1205 neutram
1476 1164 1640 1215 partem
1674 1158 1774 1202 vali-

292 1238 397 1276 tura.
454 1233 592 1287 Atque
623 1246 671 1274 eo
701 1232 872 1287 quidem
900 1232 1109 1275 mehercle
1135 1246 1257 1274 nemo
1286 1231 1508 1287 confugere
1539 1230 1667 1281 volet,
1696 1243 1778 1284 quo
1842 1257 1844 1259 »

291 1310 414 1361 aptae
444 1304 735 1359 explicationis
764 1304 1054 1358 desperatione
1084 1304 1270 1360 confugit
1289 1304 1552 1356 Schaeferus,
1580 1307 1629 1345 ut
1651 1297 1775 1344 οὔπω

291 1376 489 1433 ἐπιφανῆ
521 1375 675 1430 opponi
704 1378 876 1429 putaret
910 1375 1045 1418 famae
1081 1376 1336 1427 celebritati,
1379 1389 1520 1430 quam,
1559 1375 1780 1428 postquam

293 1445 492 1488 Larentia
520 1444 720 1498 populum
741 1444 977 1487 Romanum
1006 1445 1211 1487 bonorum
1237 1444 1435 1488 heredem
1464 1443 1648 1498 scripsit,
1673 1442 1776 1485 libe-

249 1534 254 1540 ·
291 1512 438 1555 raliter
464 1511 502 1554 ei
529 1511 734 1562 tributam
761 1511 887 1554 fuisse
913 1512 1056 1554 multis
1082 1511 1249 1555 demum
1277 1513 1509 1555 interiectis
1534 1511 1672 1555 verbis
1703 1509 1775 1553 ad—

292 1581 476 1624 curatius
502 1580 699 1623 docemur
724 1580 855 1624 infra:
888 1581 1058 1636 λέγεται
1094 1582 1141 1624 δὲ
1169 1578 1304 1639 αὐτὴν
1331 1579 1507 1633 ἔνδοξον
1531 1575 1666 1623 οὖσαν
1695 1574 1776 1637 ἤδη

294 1651 367 1694 καὶ
399 1651 597 1708 θεοφιλῆ
627 1649 912 1707 νομιζομένην
951 1645 1099 1707 ἀφανῆ
1133 1651 1343 1707 γενέσθαι
1380 1650 1484 1708 περὶ
1521 1650 1677 1693 τοῦτον
1705 1646 1779 1691 τὸν

294 1719 448 1764 τόπον.
506 1720 626 1771 Quod
656 1720 691 1762 si
715 1734 792 1774 per
811 1734 854 1763 se
878 1733 1029 1774 parum
1060 1720 1260 1764 credibile
1281 1734 1371 1764 esse
1395 1719 1548 1772 dicam,
1572 1718 1694 1762 facile
1713 1732 1779 1760 me

293 1793 372 1836 hoc
402 1791 743 1848 intellegentibus
771 1792 1045 1846 probaturum
1079 1806 1168 1835 esse
1205 1791 1367 1834 confido
1407 1796 1450 1835 et
1480 1791 1515 1834 si
1542 1791 1609 1834 cui
1637 1794 1779 1833 tamen

294 1861 401 1903 forte
431 1858 766 1913 persuadebitur,
804 1859 884 1901 hoc
914 1859 1061 1902 saltem
1089 1859 1372 1902 confitendum
1401 1859 1500 1911 erit,
1538 1867 1778 1912 perversum

294 1931 418 1986 plane
439 1944 527 1972 esse
553 1928 754 1972 eiusmodi
775 1927 1068 1984 descriptionis
1088 1929 1294 1982 ordinem,
1320 1930 1366 1972 in
1391 1932 1511 1972 tanta
1531 1927 1778 1983 praesertim

294 2001 548 2045 narrationis
566 2000 851 2054 simplicitate,
876 2015 957 2055 quo
978 2000 1080 2056 quid
1106 2001 1169 2044 ita
1187 2000 1420 2055 exponitur,
1454 2001 1502 2040 ut
1520 1999 1780 2052 pertractata

294 2072 462 2116 demum
477 2071 604 2126 longa
620 2069 843 2113 verborum
864 2070 971 2113 serie
997 2084 1178 2126 quonam
1201 2083 1324 2113 sensu
1344 2067 1635 2122 accipiendum
1654 2066 1781 2109 fuerit

295 2144 636 2187 commoneantur
665 2141 853 2184 lectores.
922 2140 1058 2196 Atque
1088 2141 1157 2183 hic
1186 2139 1356 2196 quidem
1386 2138 1596 2181 dissensus
1624 2137 1670 2179 in
1696 2149 1780 2178 uno

295 2213 524 2268 eodemque
554 2211 756 2265 scriptore
787 2213 906 2253 tanto
932 2210 1026 2264 plus
1056 2210 1185 2253 habet
1223 2208 1479 2258 offensionis,
1517 2206 1714 2262 quoniam
1745 2205 1780 2247 si

295 2281 493 2324 adcurate
523 2277 814 2333 conparaveris
849 2277 1068 2332 utriusque
1098 2276 1180 2318 loci
1211 2275 1413 2318 orationis
1445 2273 1625 2316 colorem
1653 2275 1778 2327 atque

296 2348 506 2399 habitum,
541 2346 611 2389 vix
640 2345 852 2401 ambigere
892 2345 1050 2398 poteris
1059 2372 1082 2396 ,·
1111 2344 1212 2399 quin
1239 2343 1435 2386 Vitarum
1470 2341 1586 2383 locus
1625 2339 1660 2382 si
1694 2353 1777 2382 non

297 2433 348 2461 ex
383 2417 673 2472 quaestionum
705 2414 914 2470 farragine
951 2413 1222 2456 adumbratus
1231 2413 1288 2469 ²¹⁵),
1327 2414 1373 2454 at
1412 2412 1525 2452 certe
1555 2423 1607 2452 ex
1634 2408 1779 2451 eodem

296 2487 469 2541 antiquo
507 2486 709 2539 scriptore
748 2484 809 2527 ita
849 2484 905 2526 sit
943 2482 1173 2533 derivatus,
1214 2484 1263 2523 ut
1300 2480 1478 2523 alterum
1516 2477 1570 2521 ad
1607 2477 1779 2521 alterius

297 2556 527 2600 orationem
555 2553 830 2609 supplendam
867 2552 1023 2606 optime
1063 2550 1265 2594 adhibere
1293 2547 1438 2603 possis.
1507 2545 1652 2602 Neque
1680 2560 1774 2601 pro—

388 2693 422 2737 *)
452 2693 503 2726 Ad
532 2692 758 2734 Quaestiones
793 2700 952 2725 romanas
986 2689 1020 2722 in
1053 2688 1119 2722 alia
1146 2697 1252 2721 causa
1281 2686 1428 2720 lectores
1454 2685 1549 2718 reicit
1573 2682 1777 2718 Plutarchus

295 2751 329 2784 in
350 2749 474 2782 eadem
491 2746 629 2780 Romuli
647 2747 716 2780 vita
732 2756 760 2781 e.
775 2747 828 2788 15,
848 2756 880 2790 p.
899 2747 987 2779 26e:
1013 2745 1104 2778 ἔνιοι
1128 2743 1169 2778 δὲ
1193 2745 1337 2788 λέγουσι
1362 2743 1422 2776 καὶ
1443 2739 1481 2775 τὸ
1501 2738 1567 2784 τὴν
1584 2737 1703 2787 κόμην
1718 2742 1778 2784 τῆς

295 2804 532 2850 γαμουμένης
555 2802 668 2848 αἰχμῇ
690 2801 944 2847 διακρίνεσθαι
962 2800 1135 2847 δορατίου
1153 2795 1341 2844 σύμβολον
1356 2793 1449 2832 εἶναι
1466 2798 1532 2831 τοῦ
1554 2794 1645 2843 μετὰ
1658 2793 1778 2843 μάχης

296 2861 358 2894 καὶ
380 2859 588 2906 πολεμικῶς
615 2856 681 2892 τὸν
707 2860 854 2906 πρῶτον
886 2855 1012 2903 γάμον
1034 2858 1227 2903 γενέσθαι·
1259 2857 1343 2905 περὶ
1368 2847 1421 2891 ὧν
1446 2855 1619 2891 ἕπιπλέον
1642 2854 1683 2890 ἔν
1706 2858 1779 2893 τοῖς

293 2919 378 2954 Aer
387 2922 404 2954 ί
409 2931 427 2954 ο
438 2931 476 2958 ις
499 2913 706 2966 εἰρήκαμεν.
