<?xml version="1.0" encoding="UTF-8"?>
<!DOCTYPE html PUBLIC "-//W3C//DTD XHTML 1.0 Transitional//EN"
    "http://www.w3.org/TR/xhtml1/DTD/xhtml1-transitional.dtd">
<html xmlns="http://www.w3.org/1999/xhtml" xml:lang="en" lang="en">
 <head>
  <title>
</title>
<meta http-equiv="Content-Type" content="text/html;charset=utf-8" />
  <meta name='ocr-system' content='tesseract 3.04.00' />
  <meta name='ocr-capabilities' content='ocr_page ocr_carea ocr_par ocr_line ocrx_word'/>
</head>
<body>
  <div class='ocr_page' id='page_1' title='image "./vindiciarumpluta00doehuoft_0070.png"; bbox 0 0 1962 3314; ppageno 0'>
   <div class='ocr_carea' id='block_1_1' title="bbox 894 176 1176 218">
    <p class='ocr_par' dir='ltr' id='par_1_1' title="bbox 894 176 1176 218">
     <span class='ocr_line' id='line_1_1' title="bbox 894 176 1176 218; baseline -0.004 -13"><span class='ocrx_word' id='word_1_1' title='bbox 894 176 1176 218; x_wconf 73' lang='lat'>—60-</span> 
     </span>
    </p>
   </div>
   <div class='ocr_carea' id='block_1_2' title="bbox 290 279 1786 342">
    <p class='ocr_par' dir='ltr' id='par_1_2' title="bbox 290 279 1786 342">
     <span class='ocr_line' id='line_1_2' title="bbox 290 279 1786 342; baseline 0 -18"><span class='ocrx_word' id='word_1_2' title='bbox 290 281 378 326; x_wconf 73' lang='lat' dir='ltr'>Cat.</span> <span class='ocrx_word' id='word_1_3' title='bbox 423 282 518 324; x_wconf 80' lang='lat' dir='ltr'>mai.</span> <span class='ocrx_word' id='word_1_4' title='bbox 561 286 586 326; x_wconf 86' lang='lat'>2</span> <span class='ocrx_word' id='word_1_5' title='bbox 634 281 919 326; x_wconf 77' lang='grc' dir='ltr'><em>παντάπασιν</em></span> <span class='ocrx_word' id='word_1_6' title='bbox 974 280 1128 341; x_wconf 73' lang='grc' dir='ltr'><em>πόρρω</em></span> <span class='ocrx_word' id='word_1_7' title='bbox 1160 280 1374 342; x_wconf 64' lang='grc' dir='ltr'>ἡλικίας,</span> <span class='ocrx_word' id='word_1_8' title='bbox 1427 280 1539 339; x_wconf 86' lang='lat' dir='ltr'>quod</span> <span class='ocrx_word' id='word_1_9' title='bbox 1578 279 1786 324; x_wconf 76' lang='lat' dir='ltr'>incolume</span> 
     </span>
    </p>
   </div>
   <div class='ocr_carea' id='block_1_3' title="bbox 288 346 1787 474">
    <p class='ocr_par' dir='ltr' id='par_1_3' title="bbox 288 346 1787 474">
     <span class='ocr_line' id='line_1_3' title="bbox 288 346 1787 410; baseline -0.003 -17"><span class='ocrx_word' id='word_1_10' title='bbox 288 355 477 406; x_wconf 73' lang='lat' dir='ltr'>praestat</span> <span class='ocrx_word' id='word_1_11' title='bbox 505 352 718 395; x_wconf 89' lang='lat' dir='ltr'>Demosth.</span> <span class='ocrx_word' id='word_1_12' title='bbox 749 357 775 397; x_wconf 85' lang='lat'><strong>2</strong></span> <span class='ocrx_word' id='word_1_13' title='bbox 807 347 896 410; x_wconf 77' lang='grc' dir='ltr'>όψέ</span> <span class='ocrx_word' id='word_1_14' title='bbox 935 369 1046 395; x_wconf 76' lang='grc' dir='ltr'><em>ποτε</em></span> <span class='ocrx_word' id='word_1_15' title='bbox 1077 351 1150 396; x_wconf 83' lang='grc' dir='ltr'>καὶ</span> <span class='ocrx_word' id='word_1_16' title='bbox 1182 350 1336 407; x_wconf 83' lang='grc' dir='ltr'><em>πόρρω</em></span> <span class='ocrx_word' id='word_1_17' title='bbox 1366 354 1441 408; x_wconf 81' lang='grc' dir='ltr'>τῆς</span> <span class='ocrx_word' id='word_1_18' title='bbox 1471 348 1662 408; x_wconf 82' lang='grc' dir='ltr'><em>ἡλικίας.</em></span> <span class='ocrx_word' id='word_1_19' title='bbox 1719 346 1787 390; x_wconf 89' lang='lat' dir='ltr'>Ad</span> 
     </span>
     <span class='ocr_line' id='line_1_4' title="bbox 291 414 1787 474; baseline -0.002 -14"><span class='ocrx_word' id='word_1_20' title='bbox 291 417 467 460; x_wconf 90' lang='lat' dir='ltr'>eandem</span> <span class='ocrx_word' id='word_1_21' title='bbox 497 417 672 461; x_wconf 80' lang='lat' dir='ltr'>classem</span> <span class='ocrx_word' id='word_1_22' title='bbox 700 419 922 462; x_wconf 88' lang='lat' dir='ltr'>referenda</span> <span class='ocrx_word' id='word_1_23' title='bbox 952 422 1016 462; x_wconf 90' lang='lat' dir='ltr'>est</span> <span class='ocrx_word' id='word_1_24' title='bbox 1034 419 1214 462; x_wconf 83' lang='lat' dir='ltr'>formula</span> <span class='ocrx_word' id='word_1_25' title='bbox 1235 419 1420 462; x_wconf 79' lang='lat' dir='ltr'>Platonis</span> <span class='ocrx_word' id='word_1_26' title='bbox 1441 418 1578 474; x_wconf 85' lang='lat' dir='ltr'>Symp.</span> <span class='ocrx_word' id='word_1_27' title='bbox 1606 431 1646 471; x_wconf 89' lang='lat' dir='ltr'>p.</span> <span class='ocrx_word' id='word_1_28' title='bbox 1666 414 1787 459; x_wconf 83' lang='lat' dir='ltr'>217d</span> 
     </span>
    </p>
   </div>
   <div class='ocr_carea' id='block_1_4' title="bbox 280 485 1788 2848">
    <p class='ocr_par' dir='ltr' id='par_1_4' title="bbox 280 485 1788 2848">
     <span class='ocr_line' id='line_1_5' title="bbox 293 485 1788 545; baseline -0.001 -16"><span class='ocrx_word' id='word_1_29' title='bbox 293 485 447 543; x_wconf 73' lang='grc' dir='ltr'><em>πόρρω</em></span> <span class='ocrx_word' id='word_1_30' title='bbox 473 489 557 529; x_wconf 83' lang='grc' dir='ltr'><em>τῶν</em></span> <span class='ocrx_word' id='word_1_31' title='bbox 588 491 747 531; x_wconf 80' lang='grc' dir='ltr'><em>νυκτῶν</em></span> <span class='ocrx_word' id='word_1_32' title='bbox 775 492 826 531; x_wconf 84' lang='lat' dir='ltr'>ad</span> <span class='ocrx_word' id='word_1_33' title='bbox 845 492 1009 532; x_wconf 76' lang='lat' dir='ltr'>multam</span> <span class='ocrx_word' id='word_1_34' title='bbox 1039 505 1159 545; x_wconf 71' lang='lat' dir='ltr'>usque</span> <span class='ocrx_word' id='word_1_35' title='bbox 1183 494 1336 542; x_wconf 73' lang='lat' dir='ltr'>noctem,</span> <span class='ocrx_word' id='word_1_36' title='bbox 1367 504 1494 545; x_wconf 86' lang='lat' dir='ltr'>quam</span> <span class='ocrx_word' id='word_1_37' title='bbox 1522 487 1788 532; x_wconf 83' lang='lat' dir='ltr'>adsciverunt</span> 
     </span>
     <span class='ocr_line' id='line_1_6' title="bbox 291 554 1784 615; baseline -0.001 -16"><span class='ocrx_word' id='word_1_38' title='bbox 291 555 418 599; x_wconf 82' lang='lat' dir='ltr'>etiam</span> <span class='ocrx_word' id='word_1_39' title='bbox 435 556 622 610; x_wconf 86' lang='lat' dir='ltr'>seriores,</span> <span class='ocrx_word' id='word_1_40' title='bbox 641 561 689 600; x_wconf 91' lang='lat' dir='ltr'>ut</span> <span class='ocrx_word' id='word_1_41' title='bbox 707 559 878 614; x_wconf 89' lang='lat' dir='ltr'>Procop.</span> <span class='ocrx_word' id='word_1_42' title='bbox 899 560 939 602; x_wconf 89' lang='lat' dir='ltr'>h.</span> <span class='ocrx_word' id='word_1_43' title='bbox 959 575 995 603; x_wconf 91' lang='lat' dir='ltr'>a.</span> <span class='ocrx_word' id='word_1_44' title='bbox 1016 574 1053 614; x_wconf 89' lang='lat' dir='ltr'>p.</span> <span class='ocrx_word' id='word_1_45' title='bbox 1075 563 1138 611; x_wconf 99' lang='lat'>80,</span> <span class='ocrx_word' id='word_1_46' title='bbox 1161 564 1209 603; x_wconf 85' lang='lat'>12</span> <span class='ocrx_word' id='word_1_47' title='bbox 1232 559 1345 610; x_wconf 77' lang='grc' dir='ltr'><em>τινὲς</em></span> <span class='ocrx_word' id='word_1_48' title='bbox 1365 561 1450 602; x_wconf 88' lang='grc' dir='ltr'><em>τῶν</em></span> <span class='ocrx_word' id='word_1_49' title='bbox 1473 555 1592 615; x_wconf 70' lang='grc' dir='ltr'><em>αὐτῷ</em></span> <span class='ocrx_word' id='word_1_50' title='bbox 1616 554 1784 614; x_wconf 79' lang='grc' dir='ltr'><em>παρόν-</em></span> 
     </span>
     <span class='ocr_line' id='line_1_7' title="bbox 287 623 1786 687; baseline 0 -20"><span class='ocrx_word' id='word_1_51' title='bbox 287 641 374 668; x_wconf 80' lang='grc' dir='ltr'>των</span> <span class='ocrx_word' id='word_1_52' title='bbox 398 623 551 685; x_wconf 73' lang='grc' dir='ltr'><em>πόρρω</em></span> <span class='ocrx_word' id='word_1_53' title='bbox 574 644 661 671; x_wconf 79' lang='grc' dir='ltr'>που</span> <span class='ocrx_word' id='word_1_54' title='bbox 679 631 765 672; x_wconf 79' lang='grc' dir='ltr'><em>τῶν</em></span> <span class='ocrx_word' id='word_1_55' title='bbox 781 632 956 681; x_wconf 81' lang='grc' dir='ltr'><em>νυκτῶν,</em></span> <span class='ocrx_word' id='word_1_56' title='bbox 981 631 1019 673; x_wconf 92' lang='lat' dir='ltr'>b.</span> <span class='ocrx_word' id='word_1_57' title='bbox 1043 646 1080 686; x_wconf 78' lang='lat' dir='ltr'>g.</span> <span class='ocrx_word' id='word_1_58' title='bbox 1101 645 1140 684; x_wconf 88' lang='lat' dir='ltr'>p.</span> <span class='ocrx_word' id='word_1_59' title='bbox 1161 633 1251 681; x_wconf 84' lang='lat'>183,</span> <span class='ocrx_word' id='word_1_60' title='bbox 1276 632 1325 674; x_wconf 89' lang='lat'>18</span> <span class='ocrx_word' id='word_1_61' title='bbox 1349 627 1502 687; x_wconf 74' lang='grc' dir='ltr'><em>πόρρω</em></span> <span class='ocrx_word' id='word_1_62' title='bbox 1520 630 1603 671; x_wconf 83' lang='grc' dir='ltr'><em>τῶν</em></span> <span class='ocrx_word' id='word_1_63' title='bbox 1625 627 1786 670; x_wconf 83' lang='grc' dir='ltr'><em>νυκτῶν</em></span> 
     </span>
     <span class='ocr_line' id='line_1_8' title="bbox 287 696 1781 756; baseline -0.005 -10"><span class='ocrx_word' id='word_1_64' title='bbox 287 698 569 753; x_wconf 63' lang='grc' dir='ltr'>καθημένους</span> <span class='ocrx_word' id='word_1_65' title='bbox 604 702 735 750; x_wconf 73' lang='grc' dir='ltr'>πιεῖν,</span> <span class='ocrx_word' id='word_1_66' title='bbox 781 701 898 743; x_wconf 91' lang='lat' dir='ltr'>cuius</span> <span class='ocrx_word' id='word_1_67' title='bbox 926 701 1018 743; x_wconf 90' lang='lat' dir='ltr'>loco</span> <span class='ocrx_word' id='word_1_68' title='bbox 1056 700 1110 744; x_wconf 88' lang='lat' dir='ltr'>ad</span> <span class='ocrx_word' id='word_1_69' title='bbox 1139 700 1425 756; x_wconf 79' lang='lat' dir='ltr'>antiquiorum</span> <span class='ocrx_word' id='word_1_70' title='bbox 1454 698 1691 753; x_wconf 88' lang='lat' dir='ltr'>exemplum</span> <span class='ocrx_word' id='word_1_71' title='bbox 1719 696 1781 738; x_wconf 93' lang='lat' dir='ltr'>di-</span> 
     </span>
     <span class='ocr_line' id='line_1_9' title="bbox 288 764 1782 824; baseline 0.005 -17"><span class='ocrx_word' id='word_1_72' title='bbox 288 765 439 808; x_wconf 84' lang='lat' dir='ltr'>cebant</span> <span class='ocrx_word' id='word_1_73' title='bbox 470 766 597 810; x_wconf 86' lang='lat' dir='ltr'>etiam</span> <span class='ocrx_word' id='word_1_74' title='bbox 627 768 742 810; x_wconf 88' lang='lat' dir='ltr'>nullo</span> <span class='ocrx_word' id='word_1_75' title='bbox 772 769 1025 812; x_wconf 80' lang='lat' dir='ltr'>observabili</span> <span class='ocrx_word' id='word_1_76' title='bbox 1064 769 1304 812; x_wconf 82' lang='lat' dir='ltr'>discrimine</span> <span class='ocrx_word' id='word_1_77' title='bbox 1349 764 1462 824; x_wconf 79' lang='grc' dir='ltr'><em>ἀωρὶ</em></span> <span class='ocrx_word' id='word_1_78' title='bbox 1491 769 1577 810; x_wconf 82' lang='grc' dir='ltr'><em>τῶν</em></span> <span class='ocrx_word' id='word_1_79' title='bbox 1607 765 1782 814; x_wconf 78' lang='grc' dir='ltr'><em>νυκτῶν,</em></span> 
     </span>
     <span class='ocr_line' id='line_1_10' title="bbox 288 830 1783 892; baseline -0.001 -17"><span class='ocrx_word' id='word_1_80' title='bbox 288 833 500 878; x_wconf 83' lang='lat' dir='ltr'>rarissime</span> <span class='ocrx_word' id='word_1_81' title='bbox 533 830 646 891; x_wconf 80' lang='grc' dir='ltr'><em>ἀωρὶ</em></span> <span class='ocrx_word' id='word_1_82' title='bbox 677 837 751 892; x_wconf 72' lang='grc' dir='ltr'>τῆς</span> <span class='ocrx_word' id='word_1_83' title='bbox 780 836 955 887; x_wconf 72' lang='grc' dir='ltr'><em>νυκτός,</em></span> <span class='ocrx_word' id='word_1_84' title='bbox 987 837 1117 879; x_wconf 89' lang='lat' dir='ltr'>veluti</span> <span class='ocrx_word' id='word_1_85' title='bbox 1150 836 1305 879; x_wconf 87' lang='lat' dir='ltr'>Sozom.</span> <span class='ocrx_word' id='word_1_86' title='bbox 1335 837 1434 879; x_wconf 87' lang='lat' dir='ltr'>hist.</span> <span class='ocrx_word' id='word_1_87' title='bbox 1462 835 1604 879; x_wconf 83' lang='lat' dir='ltr'>eccles,</span> <span class='ocrx_word' id='word_1_88' title='bbox 1624 832 1698 884; x_wconf 88' lang='lat' dir='ltr'>VI,</span> <span class='ocrx_word' id='word_1_89' title='bbox 1722 834 1783 883; x_wconf 96' lang='grc'>12,</span> 
     </span>
     <span class='ocr_line' id='line_1_11' title="bbox 290 902 1781 961; baseline 0.001 -17"><span class='ocrx_word' id='word_1_90' title='bbox 290 902 336 944; x_wconf 87' lang='lat' dir='ltr'>in</span> <span class='ocrx_word' id='word_1_91' title='bbox 361 918 444 958; x_wconf 89' lang='lat' dir='ltr'>qua</span> <span class='ocrx_word' id='word_1_92' title='bbox 474 907 694 956; x_wconf 80' lang='lat' dir='ltr'>structura,</span> <span class='ocrx_word' id='word_1_93' title='bbox 723 906 775 948; x_wconf 86' lang='lat' dir='ltr'>ab</span> <span class='ocrx_word' id='word_1_94' title='bbox 807 906 1066 960; x_wconf 89' lang='lat' dir='ltr'>Antiphonte</span> <span class='ocrx_word' id='word_1_95' title='bbox 1097 907 1305 958; x_wconf 90' lang='lat' dir='ltr'>incohata,</span> <span class='ocrx_word' id='word_1_96' title='bbox 1334 906 1528 961; x_wconf 89' lang='lat' dir='ltr'>Byzantii</span> <span class='ocrx_word' id='word_1_97' title='bbox 1557 904 1685 947; x_wconf 86' lang='lat' dir='ltr'>effuse</span> <span class='ocrx_word' id='word_1_98' title='bbox 1712 917 1781 945; x_wconf 86' lang='lat' dir='ltr'>ex-</span> 
     </span>
     <span class='ocr_line' id='line_1_12' title="bbox 290 973 1785 1031; baseline -0.001 -17"><span class='ocrx_word' id='word_1_99' title='bbox 290 973 465 1026; x_wconf 84' lang='lat' dir='ltr'>sultant,</span> <span class='ocrx_word' id='word_1_100' title='bbox 492 974 677 1016; x_wconf 88' lang='lat' dir='ltr'>omnium</span> <span class='ocrx_word' id='word_1_101' title='bbox 707 976 887 1018; x_wconf 84' lang='lat' dir='ltr'>maxi-me</span> <span class='ocrx_word' id='word_1_102' title='bbox 915 976 1141 1030; x_wconf 86' lang='lat' dir='ltr'>Procopius</span> <span class='ocrx_word' id='word_1_103' title='bbox 1171 977 1208 1019; x_wconf 91' lang='lat' dir='ltr'>b.</span> <span class='ocrx_word' id='word_1_104' title='bbox 1241 991 1278 1031; x_wconf 89' lang='lat' dir='ltr'>g.</span> <span class='ocrx_word' id='word_1_105' title='bbox 1306 989 1346 1029; x_wconf 88' lang='lat' dir='ltr'>p.</span> <span class='ocrx_word' id='word_1_106' title='bbox 1377 979 1470 1026; x_wconf 87' lang='lat'>315,</span> <span class='ocrx_word' id='word_1_107' title='bbox 1503 978 1538 1025; x_wconf 89' lang='grc'>6,</span> <span class='ocrx_word' id='word_1_108' title='bbox 1567 987 1606 1027; x_wconf 89' lang='lat' dir='ltr'>p.</span> <span class='ocrx_word' id='word_1_109' title='bbox 1638 975 1731 1023; x_wconf 86' lang='lat'>390,</span> <span class='ocrx_word' id='word_1_110' title='bbox 1759 974 1785 1013; x_wconf 91' lang='lat'>9</span> 
     </span>
     <span class='ocr_line' id='line_1_13' title="bbox 286 1044 1784 1101; baseline -0.001 -14"><span class='ocrx_word' id='word_1_111' title='bbox 286 1045 429 1088; x_wconf 88' lang='lat' dir='ltr'>Ioann.</span> <span class='ocrx_word' id='word_1_112' title='bbox 455 1045 642 1089; x_wconf 85' lang='lat' dir='ltr'>Cinnam.</span> <span class='ocrx_word' id='word_1_113' title='bbox 671 1061 710 1100; x_wconf 88' lang='lat' dir='ltr'>p.</span> <span class='ocrx_word' id='word_1_114' title='bbox 731 1051 823 1098; x_wconf 86' lang='grc'>269,</span> <span class='ocrx_word' id='word_1_115' title='bbox 846 1051 870 1092; x_wconf 87' lang='lat'><strong>3</strong></span> <span class='ocrx_word' id='word_1_116' title='bbox 899 1062 938 1101; x_wconf 91' lang='lat' dir='ltr'>p.</span> <span class='ocrx_word' id='word_1_117' title='bbox 960 1052 1051 1099; x_wconf 79' lang='lat'>274,</span> <span class='ocrx_word' id='word_1_118' title='bbox 1076 1052 1125 1091; x_wconf 81' lang='lat'>14</span> <span class='ocrx_word' id='word_1_119' title='bbox 1156 1047 1261 1092; x_wconf 89' lang='lat' dir='ltr'>conl.</span> <span class='ocrx_word' id='word_1_120' title='bbox 1283 1047 1378 1090; x_wconf 92' lang='lat' dir='ltr'>Leo.</span> <span class='ocrx_word' id='word_1_121' title='bbox 1410 1046 1582 1088; x_wconf 90' lang='lat' dir='ltr'>Diacon.</span> <span class='ocrx_word' id='word_1_122' title='bbox 1610 1058 1652 1098; x_wconf 89' lang='lat' dir='ltr'>p.</span> <span class='ocrx_word' id='word_1_123' title='bbox 1674 1046 1736 1093; x_wconf 91' lang='lat'>19,</span> <span class='ocrx_word' id='word_1_124' title='bbox 1758 1044 1784 1084; x_wconf 94' lang='lat'>9</span> 
     </span>
     <span class='ocr_line' id='line_1_14' title="bbox 284 1111 1782 1173; baseline -0.002 -16"><span class='ocrx_word' id='word_1_125' title='bbox 284 1129 324 1169; x_wconf 90' lang='lat' dir='ltr'>p.</span> <span class='ocrx_word' id='word_1_126' title='bbox 343 1119 407 1163; x_wconf 79' lang='lat'>52,</span> <span class='ocrx_word' id='word_1_127' title='bbox 442 1118 492 1158; x_wconf 85' lang='lat'>18</span> <span class='ocrx_word' id='word_1_128' title='bbox 522 1130 560 1169; x_wconf 86' lang='lat' dir='ltr'>p.</span> <span class='ocrx_word' id='word_1_129' title='bbox 585 1120 672 1168; x_wconf 89' lang='lat'>113,</span> <span class='ocrx_word' id='word_1_130' title='bbox 706 1121 724 1159; x_wconf 95' lang='lat'>1</span> <span class='ocrx_word' id='word_1_131' title='bbox 749 1131 788 1170; x_wconf 85' lang='lat' dir='ltr'>p.</span> <span class='ocrx_word' id='word_1_132' title='bbox 819 1122 907 1169; x_wconf 87' lang='lat'>175,</span> <span class='ocrx_word' id='word_1_133' title='bbox 939 1120 963 1160; x_wconf 88' lang='grc'>8</span> <span class='ocrx_word' id='word_1_134' title='bbox 997 1112 1097 1173; x_wconf 77' lang='grc' dir='ltr'><em>ὄῖρτι</em></span> <span class='ocrx_word' id='word_1_135' title='bbox 1126 1119 1211 1159; x_wconf 80' lang='grc' dir='ltr'><em>τῶν</em></span> <span class='ocrx_word' id='word_1_136' title='bbox 1238 1117 1399 1159; x_wconf 78' lang='grc' dir='ltr'><em>νυκτῶν</em></span> <span class='ocrx_word' id='word_1_137' title='bbox 1431 1111 1546 1173; x_wconf 83' lang='grc' dir='ltr'><em>ἀωρί</em></span> <span class='ocrx_word' id='word_1_138' title='bbox 1573 1128 1613 1168; x_wconf 89' lang='lat' dir='ltr'>p.</span> <span class='ocrx_word' id='word_1_139' title='bbox 1648 1114 1782 1164; x_wconf 88' lang='lat'>13,15</span> 
     </span>
     <span class='ocr_line' id='line_1_15' title="bbox 285 1184 1778 1240; baseline -0.003 -13"><span class='ocrx_word' id='word_1_140' title='bbox 285 1199 324 1239; x_wconf 91' lang='lat' dir='ltr'>p.</span> <span class='ocrx_word' id='word_1_141' title='bbox 360 1189 455 1237; x_wconf 84' lang='lat'>146,</span> <span class='ocrx_word' id='word_1_142' title='bbox 491 1190 559 1237; x_wconf 91' lang='lat'>11,</span> <span class='ocrx_word' id='word_1_143' title='bbox 602 1200 767 1240; x_wconf 88' lang='lat' dir='ltr'>semper</span> <span class='ocrx_word' id='word_1_144' title='bbox 800 1187 1030 1240; x_wconf 89' lang='lat' dir='ltr'>praemisso</span> <span class='ocrx_word' id='word_1_145' title='bbox 1059 1187 1255 1238; x_wconf 90' lang='lat' dir='ltr'>articulo,</span> <span class='ocrx_word' id='word_1_146' title='bbox 1293 1189 1340 1228; x_wconf 91' lang='lat' dir='ltr'>ut</span> <span class='ocrx_word' id='word_1_147' title='bbox 1367 1184 1480 1239; x_wconf 89' lang='lat' dir='ltr'>apud</span> <span class='ocrx_word' id='word_1_148' title='bbox 1507 1196 1657 1238; x_wconf 85' lang='lat' dir='ltr'>prosae</span> <span class='ocrx_word' id='word_1_149' title='bbox 1686 1194 1778 1223; x_wconf 87' lang='lat' dir='ltr'>ora-</span> 
     </span>
     <span class='ocr_line' id='line_1_16' title="bbox 285 1252 1776 1313; baseline -0.002 -15"><span class='ocrx_word' id='word_1_150' title='bbox 285 1256 411 1299; x_wconf 87' lang='lat' dir='ltr'>tionis</span> <span class='ocrx_word' id='word_1_151' title='bbox 448 1257 672 1310; x_wconf 87' lang='lat' dir='ltr'>scriptores</span> <span class='ocrx_word' id='word_1_152' title='bbox 700 1258 736 1300; x_wconf 91' lang='lat' dir='ltr'>si</span> <span class='ocrx_word' id='word_1_153' title='bbox 766 1258 935 1313; x_wconf 82' lang='lat' dir='ltr'>quando</span> <span class='ocrx_word' id='word_1_154' title='bbox 970 1258 1180 1310; x_wconf 86' lang='lat' dir='ltr'>inferatur</span> <span class='ocrx_word' id='word_1_155' title='bbox 1210 1258 1300 1300; x_wconf 88' lang='lat' dir='ltr'>sine</span> <span class='ocrx_word' id='word_1_156' title='bbox 1329 1257 1508 1300; x_wconf 76' lang='lat' dir='ltr'>articulo</span> <span class='ocrx_word' id='word_1_157' title='bbox 1543 1254 1679 1310; x_wconf 86' lang='lat' dir='ltr'>magis</span> <span class='ocrx_word' id='word_1_158' title='bbox 1707 1252 1776 1295; x_wconf 86' lang='lat' dir='ltr'>de-</span> 
     </span>
     <span class='ocr_line' id='line_1_17' title="bbox 283 1321 1781 1384; baseline -0.003 -15"><span class='ocrx_word' id='word_1_159' title='bbox 283 1327 557 1370; x_wconf 90' lang='lat' dir='ltr'>scribentium</span> <span class='ocrx_word' id='word_1_160' title='bbox 585 1328 734 1370; x_wconf 89' lang='lat' dir='ltr'>vitium</span> <span class='ocrx_word' id='word_1_161' title='bbox 763 1343 889 1384; x_wconf 89' lang='lat' dir='ltr'>quam</span> <span class='ocrx_word' id='word_1_162' title='bbox 919 1329 1135 1383; x_wconf 89' lang='lat' dir='ltr'>scriptoris</span> <span class='ocrx_word' id='word_1_163' title='bbox 1166 1327 1352 1384; x_wconf 84' lang='lat' dir='ltr'>agnituri</span> <span class='ocrx_word' id='word_1_164' title='bbox 1382 1327 1522 1376; x_wconf 91' lang='lat' dir='ltr'>simus,</span> <span class='ocrx_word' id='word_1_165' title='bbox 1552 1340 1587 1374; x_wconf 83' lang='lat' dir='ltr'>e.</span> <span class='ocrx_word' id='word_1_166' title='bbox 1609 1339 1646 1380; x_wconf 84' lang='lat' dir='ltr'>g.</span> <span class='ocrx_word' id='word_1_167' title='bbox 1667 1321 1781 1378; x_wconf 87' lang='lat' dir='ltr'>apud</span> 
     </span>
     <span class='ocr_line' id='line_1_18' title="bbox 284 1390 1783 1454; baseline -0.003 -14"><span class='ocrx_word' id='word_1_168' title='bbox 284 1398 455 1452; x_wconf 88' lang='lat' dir='ltr'>Procop.</span> <span class='ocrx_word' id='word_1_169' title='bbox 478 1399 519 1441; x_wconf 91' lang='lat' dir='ltr'>b.</span> <span class='ocrx_word' id='word_1_170' title='bbox 542 1414 578 1454; x_wconf 86' lang='lat' dir='ltr'>g.</span> <span class='ocrx_word' id='word_1_171' title='bbox 599 1412 638 1452; x_wconf 78' lang='lat' dir='ltr'>p,</span> <span class='ocrx_word' id='word_1_172' title='bbox 662 1403 763 1451; x_wconf 88' lang='lat'>409,</span> <span class='ocrx_word' id='word_1_173' title='bbox 781 1402 854 1451; x_wconf 88' lang='grc'>20,</span> <span class='ocrx_word' id='word_1_174' title='bbox 885 1399 959 1442; x_wconf 92' lang='lat' dir='ltr'>ubi</span> <span class='ocrx_word' id='word_1_175' title='bbox 980 1400 1112 1442; x_wconf 80' lang='lat' dir='ltr'>habes</span> <span class='ocrx_word' id='word_1_176' title='bbox 1134 1394 1246 1452; x_wconf 85' lang='grc' dir='ltr'><em>ἀωρὶ</em></span> <span class='ocrx_word' id='word_1_177' title='bbox 1268 1398 1430 1441; x_wconf 88' lang='grc' dir='ltr'><em>νυκτῶν</em></span> <span class='ocrx_word' id='word_1_178' title='bbox 1458 1410 1535 1451; x_wconf 92' lang='lat' dir='ltr'>pro</span> <span class='ocrx_word' id='word_1_179' title='bbox 1561 1390 1674 1452; x_wconf 81' lang='grc' dir='ltr'><em>ἀωρὶ</em></span> <span class='ocrx_word' id='word_1_180' title='bbox 1697 1393 1783 1435; x_wconf 82' lang='grc' dir='ltr'><em>τῶν</em></span> 
     </span>
     <span class='ocr_line' id='line_1_19' title="bbox 284 1465 1780 1526; baseline -0.005 -14"><span class='ocrx_word' id='word_1_181' title='bbox 284 1471 458 1521; x_wconf 79' lang='grc' dir='ltr'><em>νυκτῶν,</em></span> <span class='ocrx_word' id='word_1_182' title='bbox 500 1470 612 1525; x_wconf 85' lang='lat' dir='ltr'>quod</span> <span class='ocrx_word' id='word_1_183' title='bbox 648 1470 749 1513; x_wconf 88' lang='lat' dir='ltr'>olim</span> <span class='ocrx_word' id='word_1_184' title='bbox 776 1470 954 1513; x_wconf 86' lang='lat' dir='ltr'>fortasse</span> <span class='ocrx_word' id='word_1_185' title='bbox 995 1470 1239 1526; x_wconf 84' lang='lat' dir='ltr'>diligentius</span> <span class='ocrx_word' id='word_1_186' title='bbox 1269 1468 1451 1512; x_wconf 85' lang='lat' dir='ltr'>excussis</span> <span class='ocrx_word' id='word_1_187' title='bbox 1481 1465 1599 1510; x_wconf 85' lang='lat' dir='ltr'>codd.</span> <span class='ocrx_word' id='word_1_188' title='bbox 1636 1477 1780 1507; x_wconf 90' lang='lat' dir='ltr'>verum</span> 
     </span>
     <span class='ocr_line' id='line_1_20' title="bbox 284 1528 1779 1594; baseline -0.004 -12"><span class='ocrx_word' id='word_1_189' title='bbox 284 1554 374 1582; x_wconf 90' lang='lat' dir='ltr'>esse</span> <span class='ocrx_word' id='word_1_190' title='bbox 404 1539 643 1594; x_wconf 90' lang='lat' dir='ltr'>adparebit,</span> <span class='ocrx_word' id='word_1_191' title='bbox 681 1554 937 1594; x_wconf 85' lang='lat' dir='ltr'>quamquam</span> <span class='ocrx_word' id='word_1_192' title='bbox 965 1541 1010 1582; x_wconf 89' lang='lat' dir='ltr'>in</span> <span class='ocrx_word' id='word_1_193' title='bbox 1036 1544 1158 1583; x_wconf 87' lang='lat' dir='ltr'>tanta</span> <span class='ocrx_word' id='word_1_194' title='bbox 1186 1540 1468 1582; x_wconf 84' lang='lat' dir='ltr'>recentiorum</span> <span class='ocrx_word' id='word_1_195' title='bbox 1496 1528 1779 1579; x_wconf 79' lang='lat' dir='ltr'>inconstantia</span> 
     </span>
     <span class='ocr_line' id='line_1_21' title="bbox 283 1599 1780 1665; baseline -0.003 -15"><span class='ocrx_word' id='word_1_196' title='bbox 283 1608 493 1651; x_wconf 89' lang='lat' dir='ltr'>lubricum</span> <span class='ocrx_word' id='word_1_197' title='bbox 522 1611 586 1651; x_wconf 88' lang='lat' dir='ltr'>est</span> <span class='ocrx_word' id='word_1_198' title='bbox 615 1608 893 1651; x_wconf 89' lang='lat' dir='ltr'>severioribus</span> <span class='ocrx_word' id='word_1_199' title='bbox 923 1624 994 1652; x_wconf 90' lang='lat' dir='ltr'>eos</span> <span class='ocrx_word' id='word_1_200' title='bbox 1023 1609 1284 1665; x_wconf 86' lang='lat' dir='ltr'>adstringere</span> <span class='ocrx_word' id='word_1_201' title='bbox 1313 1609 1420 1652; x_wconf 86' lang='lat' dir='ltr'>velle</span> <span class='ocrx_word' id='word_1_202' title='bbox 1449 1606 1634 1662; x_wconf 68' lang='lat' dir='ltr'>legibus,</span> <span class='ocrx_word' id='word_1_203' title='bbox 1667 1599 1780 1656; x_wconf 81' lang='grc' dir='ltr'><em>ἀωρὶ</em></span> 
     </span>
     <span class='ocr_line' id='line_1_22' title="bbox 283 1673 1776 1736; baseline -0.004 -16"><span class='ocrx_word' id='word_1_204' title='bbox 283 1676 450 1736; x_wconf 82' lang='grc' dir='ltr'><em>νύκτωρ</em></span> <span class='ocrx_word' id='word_1_205' title='bbox 491 1678 798 1721; x_wconf 86' lang='lat' dir='ltr'>coniunxerunt</span> <span class='ocrx_word' id='word_1_206' title='bbox 824 1677 1076 1723; x_wconf 86' lang='lat' dir='ltr'>Aristaenet.</span> <span class='ocrx_word' id='word_1_207' title='bbox 1117 1679 1177 1730; x_wconf 87' lang='grc' dir='ltr'>ΙΙ,</span> <span class='ocrx_word' id='word_1_208' title='bbox 1212 1682 1260 1721; x_wconf 88' lang='grc'>19</span> <span class='ocrx_word' id='word_1_209' title='bbox 1300 1677 1490 1720; x_wconf 88' lang='lat' dir='ltr'>Phalaris</span> <span class='ocrx_word' id='word_1_210' title='bbox 1529 1673 1693 1729; x_wconf 87' lang='lat' dir='ltr'>epistul.</span> <span class='ocrx_word' id='word_1_211' title='bbox 1723 1674 1776 1714; x_wconf 87' lang='lat'>88</span> 
     </span>
     <span class='ocr_line' id='line_1_23' title="bbox 282 1743 1777 1804; baseline -0.005 -13"><span class='ocrx_word' id='word_1_212' title='bbox 282 1749 452 1803; x_wconf 86' lang='lat' dir='ltr'>Procop.</span> <span class='ocrx_word' id='word_1_213' title='bbox 474 1749 514 1792; x_wconf 93' lang='lat' dir='ltr'>b.</span> <span class='ocrx_word' id='word_1_214' title='bbox 540 1764 577 1804; x_wconf 84' lang='lat' dir='ltr'>g.</span> <span class='ocrx_word' id='word_1_215' title='bbox 601 1749 672 1800; x_wconf 91' lang='lat' dir='ltr'>IV,</span> <span class='ocrx_word' id='word_1_216' title='bbox 703 1752 756 1792; x_wconf 87' lang='lat'>29</span> <span class='ocrx_word' id='word_1_217' title='bbox 786 1763 824 1803; x_wconf 89' lang='lat' dir='ltr'>p.</span> <span class='ocrx_word' id='word_1_218' title='bbox 849 1753 942 1801; x_wconf 88' lang='lat'>611,</span> <span class='ocrx_word' id='word_1_219' title='bbox 973 1753 1036 1792; x_wconf 83' lang='lat'>22.</span> <span class='ocrx_word' id='word_1_220' title='bbox 1097 1749 1179 1792; x_wconf 85' lang='lat' dir='ltr'>Sed</span> <span class='ocrx_word' id='word_1_221' title='bbox 1211 1764 1263 1792; x_wconf 90' lang='lat' dir='ltr'>ne</span> <span class='ocrx_word' id='word_1_222' title='bbox 1292 1748 1459 1804; x_wconf 86' lang='lat' dir='ltr'>longius</span> <span class='ocrx_word' id='word_1_223' title='bbox 1486 1747 1552 1789; x_wconf 90' lang='lat' dir='ltr'>his</span> <span class='ocrx_word' id='word_1_224' title='bbox 1578 1743 1777 1794; x_wconf 88' lang='lat' dir='ltr'>minutiis,</span> 
     </span>
     <span class='ocr_line' id='line_1_24' title="bbox 282 1815 1776 1874; baseline -0.003 -13"><span class='ocrx_word' id='word_1_225' title='bbox 282 1833 385 1874; x_wconf 88' lang='lat' dir='ltr'>quas</span> <span class='ocrx_word' id='word_1_226' title='bbox 405 1834 527 1862; x_wconf 88' lang='lat' dir='ltr'>nemo</span> <span class='ocrx_word' id='word_1_227' title='bbox 551 1819 696 1872; x_wconf 87' lang='lat' dir='ltr'>paucis</span> <span class='ocrx_word' id='word_1_228' title='bbox 719 1819 952 1870; x_wconf 84' lang='lat' dir='ltr'>exhauriat,</span> <span class='ocrx_word' id='word_1_229' title='bbox 973 1819 1255 1871; x_wconf 87' lang='lat' dir='ltr'>immoremur,</span> <span class='ocrx_word' id='word_1_230' title='bbox 1278 1819 1413 1861; x_wconf 85' lang='lat' dir='ltr'>oratio</span> <span class='ocrx_word' id='word_1_231' title='bbox 1437 1817 1603 1860; x_wconf 87' lang='lat' dir='ltr'>desinat</span> <span class='ocrx_word' id='word_1_232' title='bbox 1618 1816 1665 1858; x_wconf 89' lang='lat' dir='ltr'>in</span> <span class='ocrx_word' id='word_1_233' title='bbox 1684 1815 1776 1857; x_wconf 93' lang='grc'>1000</span> 
     </span>
     <span class='ocr_line' id='line_1_25' title="bbox 282 1886 1773 1943; baseline -0.002 -13"><span class='ocrx_word' id='word_1_234' title='bbox 282 1887 656 1943; x_wconf 86' lang='lat' dir='ltr'>Symposiacorum.</span> <span class='ocrx_word' id='word_1_235' title='bbox 686 1887 753 1930; x_wconf 85' lang='lat' dir='ltr'>Ad</span> <span class='ocrx_word' id='word_1_236' title='bbox 769 1903 894 1943; x_wconf 87' lang='lat' dir='ltr'>quem</span> <span class='ocrx_word' id='word_1_237' title='bbox 910 1888 1219 1932; x_wconf 86' lang='lat' dir='ltr'>defendendum</span> <span class='ocrx_word' id='word_1_238' title='bbox 1240 1889 1348 1931; x_wconf 89' lang='lat' dir='ltr'>nihil</span> <span class='ocrx_word' id='word_1_239' title='bbox 1364 1889 1504 1943; x_wconf 86' lang='lat' dir='ltr'>aptius</span> <span class='ocrx_word' id='word_1_240' title='bbox 1520 1886 1666 1929; x_wconf 85' lang='lat' dir='ltr'>eadem</span> <span class='ocrx_word' id='word_1_241' title='bbox 1681 1900 1773 1940; x_wconf 87' lang='lat' dir='ltr'>syn-</span> 
     </span>
     <span class='ocr_line' id='line_1_26' title="bbox 280 1956 1774 2014; baseline -0.001 -14"><span class='ocrx_word' id='word_1_242' title='bbox 280 1958 369 2000; x_wconf 84' lang='lat' dir='ltr'>taxi</span> <span class='ocrx_word' id='word_1_243' title='bbox 391 1958 699 2000; x_wconf 84' lang='lat' dir='ltr'>conformatum</span> <span class='ocrx_word' id='word_1_244' title='bbox 724 1958 875 2001; x_wconf 87' lang='lat' dir='ltr'>afferre</span> <span class='ocrx_word' id='word_1_245' title='bbox 893 1973 1072 2013; x_wconf 86' lang='lat' dir='ltr'>possum,</span> <span class='ocrx_word' id='word_1_246' title='bbox 1106 1974 1233 2014; x_wconf 88' lang='lat' dir='ltr'>quam</span> <span class='ocrx_word' id='word_1_247' title='bbox 1254 1958 1400 2001; x_wconf 88' lang='lat' dir='ltr'>Aesch.</span> <span class='ocrx_word' id='word_1_248' title='bbox 1417 1958 1472 2000; x_wconf 90' lang='lat' dir='ltr'>in.</span> <span class='ocrx_word' id='word_1_249' title='bbox 1494 1956 1676 2011; x_wconf 83' lang='lat' dir='ltr'>Ctesiph.</span> <span class='ocrx_word' id='word_1_250' title='bbox 1697 1958 1774 1999; x_wconf 86' lang='lat'>122</span> 
     </span>
     <span class='ocr_line' id='line_1_27' title="bbox 282 2020 1773 2084; baseline -0.001 -16"><span class='ocrx_word' id='word_1_251' title='bbox 282 2020 364 2082; x_wconf 76' lang='grc' dir='ltr'>ἤδη</span> <span class='ocrx_word' id='word_1_252' title='bbox 387 2024 434 2068; x_wconf 77' lang='grc' dir='ltr'>δὲ</span> <span class='ocrx_word' id='word_1_253' title='bbox 461 2024 616 2083; x_wconf 80' lang='grc' dir='ltr'><em>πόρρω</em></span> <span class='ocrx_word' id='word_1_254' title='bbox 641 2026 715 2082; x_wconf 68' lang='grc' dir='ltr'>τῆς</span> <span class='ocrx_word' id='word_1_255' title='bbox 741 2021 909 2083; x_wconf 78' lang='grc' dir='ltr'><em>ἡμέρας</em></span> <span class='ocrx_word' id='word_1_256' title='bbox 930 2021 1064 2083; x_wconf 67' lang='grc' dir='ltr'><em>όῖἕσης</em></span> <span class='ocrx_word' id='word_1_257' title='bbox 1088 2025 1357 2084; x_wconf 61' lang='grc' dir='ltr'><em>προσελθών</em></span> <span class='ocrx_word' id='word_1_258' title='bbox 1385 2022 1408 2067; x_wconf 77' lang='grc' dir='ltr'><em>ὃ</em></span> <span class='ocrx_word' id='word_1_259' title='bbox 1436 2025 1570 2083; x_wconf 67' lang='grc' dir='ltr'><em>κῆρυξ</em></span> <span class='ocrx_word' id='word_1_260' title='bbox 1594 2021 1773 2074; x_wconf 74' lang='grc' dir='ltr'>ἀπεῖπε,</span> 
     </span>
     <span class='ocr_line' id='line_1_28' title="bbox 282 2091 1777 2150; baseline -0.003 -14"><span class='ocrx_word' id='word_1_261' title='bbox 282 2109 536 2150; x_wconf 86' lang='lat' dir='ltr'>quamquam</span> <span class='ocrx_word' id='word_1_262' title='bbox 574 2109 660 2137; x_wconf 89' lang='lat' dir='ltr'>non</span> <span class='ocrx_word' id='word_1_263' title='bbox 692 2095 839 2150; x_wconf 86' lang='lat' dir='ltr'>ignoro</span> <span class='ocrx_word' id='word_1_264' title='bbox 874 2095 954 2137; x_wconf 90' lang='lat' dir='ltr'>hoc</span> <span class='ocrx_word' id='word_1_265' title='bbox 984 2095 1122 2149; x_wconf 88' lang='lat' dir='ltr'>ipsum</span> <span class='ocrx_word' id='word_1_266' title='bbox 1156 2098 1302 2148; x_wconf 86' lang='lat' dir='ltr'>utpote</span> <span class='ocrx_word' id='word_1_267' title='bbox 1340 2108 1474 2149; x_wconf 90' lang='lat' dir='ltr'>neque</span> <span class='ocrx_word' id='word_1_268' title='bbox 1498 2091 1777 2135; x_wconf 89' lang='lat' dir='ltr'>Aeschineum</span> 
     </span>
     <span class='ocr_line' id='line_1_29' title="bbox 282 2156 1775 2217; baseline -0.003 -14"><span class='ocrx_word' id='word_1_269' title='bbox 282 2176 418 2216; x_wconf 87' lang='lat' dir='ltr'>neque</span> <span class='ocrx_word' id='word_1_270' title='bbox 440 2163 607 2204; x_wconf 91' lang='lat' dir='ltr'>omnino</span> <span class='ocrx_word' id='word_1_271' title='bbox 627 2176 824 2217; x_wconf 88' lang='lat' dir='ltr'>graecum</span> <span class='ocrx_word' id='word_1_272' title='bbox 847 2162 899 2204; x_wconf 85' lang='lat' dir='ltr'>ab</span> <span class='ocrx_word' id='word_1_273' title='bbox 921 2162 1159 2204; x_wconf 85' lang='lat' dir='ltr'>Hamakero</span> <span class='ocrx_word' id='word_1_274' title='bbox 1181 2161 1402 2214; x_wconf 77' lang='lat' dir='ltr'>inMnem.</span> <span class='ocrx_word' id='word_1_275' title='bbox 1429 2163 1534 2203; x_wconf 91' lang='lat'>1859</span> <span class='ocrx_word' id='word_1_276' title='bbox 1553 2172 1592 2213; x_wconf 90' lang='lat' dir='ltr'>p.</span> <span class='ocrx_word' id='word_1_277' title='bbox 1617 2161 1664 2201; x_wconf 85' lang='lat'>13</span> <span class='ocrx_word' id='word_1_278' title='bbox 1685 2156 1775 2211; x_wconf 87' lang='lat' dir='ltr'>(cfr.</span> 
     </span>
     <span class='ocr_line' id='line_1_30' title="bbox 282 2227 1776 2287; baseline -0.003 -13"><span class='ocrx_word' id='word_1_279' title='bbox 282 2231 450 2274; x_wconf 87' lang='lat' dir='ltr'>Franke</span> <span class='ocrx_word' id='word_1_280' title='bbox 470 2232 613 2275; x_wconf 84' lang='lat' dir='ltr'>Praef.</span> <span class='ocrx_word' id='word_1_281' title='bbox 645 2231 700 2274; x_wconf 88' lang='lat' dir='ltr'>ad</span> <span class='ocrx_word' id='word_1_282' title='bbox 719 2231 867 2274; x_wconf 88' lang='lat' dir='ltr'>Aesch.</span> <span class='ocrx_word' id='word_1_283' title='bbox 895 2232 956 2275; x_wconf 84' lang='lat' dir='ltr'>ed.</span> <span class='ocrx_word' id='word_1_284' title='bbox 988 2232 1059 2275; x_wconf 88' lang='lat' dir='ltr'>alt.</span> <span class='ocrx_word' id='word_1_285' title='bbox 1090 2246 1129 2286; x_wconf 91' lang='lat' dir='ltr'>p.</span> <span class='ocrx_word' id='word_1_286' title='bbox 1151 2231 1295 2287; x_wconf 88' lang='lat' dir='ltr'>XXII)</span> <span class='ocrx_word' id='word_1_287' title='bbox 1325 2232 1611 2284; x_wconf 88' lang='lat' dir='ltr'>suspectatum</span> <span class='ocrx_word' id='word_1_288' title='bbox 1638 2227 1776 2279; x_wconf 89' lang='lat' dir='ltr'>fuisse,</span> 
     </span>
     <span class='ocr_line' id='line_1_31' title="bbox 285 2293 1773 2358; baseline -0.003 -14"><span class='ocrx_word' id='word_1_289' title='bbox 285 2317 378 2344; x_wconf 89' lang='lat' dir='ltr'>cum</span> <span class='ocrx_word' id='word_1_290' title='bbox 400 2302 666 2345; x_wconf 88' lang='lat' dir='ltr'>scribendum</span> <span class='ocrx_word' id='word_1_291' title='bbox 691 2305 945 2356; x_wconf 88' lang='lat' dir='ltr'>proponeret</span> <span class='ocrx_word' id='word_1_292' title='bbox 970 2298 1054 2358; x_wconf 68' lang='grc' dir='ltr'>ἤδη</span> <span class='ocrx_word' id='word_1_293' title='bbox 1077 2302 1125 2345; x_wconf 72' lang='grc' dir='ltr'>δὲ</span> <span class='ocrx_word' id='word_1_294' title='bbox 1148 2299 1301 2356; x_wconf 79' lang='grc' dir='ltr'><em>πόρρω</em></span> <span class='ocrx_word' id='word_1_295' title='bbox 1333 2301 1410 2356; x_wconf 74' lang='grc' dir='ltr'>τῆς</span> <span class='ocrx_word' id='word_1_296' title='bbox 1438 2295 1605 2356; x_wconf 77' lang='grc' dir='ltr'><em>ἡμέρας</em></span> <span class='ocrx_word' id='word_1_297' title='bbox 1635 2293 1773 2349; x_wconf 62' lang='grc' dir='ltr'><em>ὄντος,</em></span> 
     </span>
     <span class='ocr_line' id='line_1_32' title="bbox 284 2364 1777 2426; baseline -0.002 -13"><span class='ocrx_word' id='word_1_298' title='bbox 284 2387 367 2426; x_wconf 88' lang='lat' dir='ltr'>qua</span> <span class='ocrx_word' id='word_1_299' title='bbox 398 2371 692 2415; x_wconf 88' lang='lat' dir='ltr'>emendatione</span> <span class='ocrx_word' id='word_1_300' title='bbox 721 2387 864 2415; x_wconf 87' lang='lat' dir='ltr'>carere</span> <span class='ocrx_word' id='word_1_301' title='bbox 894 2372 1004 2422; x_wconf 89' lang='lat' dir='ltr'>licet,</span> <span class='ocrx_word' id='word_1_302' title='bbox 1035 2372 1070 2413; x_wconf 90' lang='lat' dir='ltr'>si</span> <span class='ocrx_word' id='word_1_303' title='bbox 1090 2371 1362 2425; x_wconf 88' lang='lat' dir='ltr'>participium</span> <span class='ocrx_word' id='word_1_304' title='bbox 1393 2364 1525 2425; x_wconf 62' lang='grc' dir='ltr'><em>οὔσης</em></span> <span class='ocrx_word' id='word_1_305' title='bbox 1553 2368 1606 2411; x_wconf 88' lang='lat' dir='ltr'>ab</span> <span class='ocrx_word' id='word_1_306' title='bbox 1637 2368 1777 2411; x_wconf 83' lang='lat' dir='ltr'>aliena</span> 
     </span>
     <span class='ocr_line' id='line_1_33' title="bbox 281 2439 1774 2492; baseline -0.002 -7"><span class='ocrx_word' id='word_1_307' title='bbox 281 2459 409 2485; x_wconf 86' lang='lat' dir='ltr'>manu</span> <span class='ocrx_word' id='word_1_308' title='bbox 445 2444 666 2487; x_wconf 88' lang='lat' dir='ltr'>accessisse</span> <span class='ocrx_word' id='word_1_309' title='bbox 706 2446 879 2486; x_wconf 86' lang='lat' dir='ltr'>statuas.</span> <span class='ocrx_word' id='word_1_310' title='bbox 952 2443 1013 2486; x_wconf 92' lang='lat' dir='ltr'>Ut</span> <span class='ocrx_word' id='word_1_311' title='bbox 1051 2457 1161 2485; x_wconf 87' lang='lat' dir='ltr'>nunc</span> <span class='ocrx_word' id='word_1_312' title='bbox 1201 2445 1266 2484; x_wconf 86' lang='lat' dir='ltr'>est</span> <span class='ocrx_word' id='word_1_313' title='bbox 1302 2455 1387 2492; x_wconf 91' lang='lat' dir='ltr'>res,</span> <span class='ocrx_word' id='word_1_314' title='bbox 1429 2455 1524 2483; x_wconf 92' lang='lat' dir='ltr'>cum</span> <span class='ocrx_word' id='word_1_315' title='bbox 1560 2439 1631 2481; x_wconf 86' lang='lat' dir='ltr'>vix</span> <span class='ocrx_word' id='word_1_316' title='bbox 1659 2441 1774 2482; x_wconf 89' lang='lat' dir='ltr'>certo</span> 
     </span>
     <span class='ocr_line' id='line_1_34' title="bbox 283 2510 1769 2568; baseline -0.002 -14"><span class='ocrx_word' id='word_1_317' title='bbox 283 2513 414 2565; x_wconf 86' lang='lat' dir='ltr'>dicas,</span> <span class='ocrx_word' id='word_1_318' title='bbox 454 2514 606 2568; x_wconf 84' lang='lat' dir='ltr'>quibus</span> <span class='ocrx_word' id='word_1_319' title='bbox 634 2513 789 2556; x_wconf 84' lang='lat' dir='ltr'>finibus</span> <span class='ocrx_word' id='word_1_320' title='bbox 818 2513 1042 2567; x_wconf 87' lang='lat' dir='ltr'>scriptores</span> <span class='ocrx_word' id='word_1_321' title='bbox 1076 2511 1331 2555; x_wconf 88' lang='lat' dir='ltr'>senescentis</span> <span class='ocrx_word' id='word_1_322' title='bbox 1359 2510 1623 2565; x_wconf 89' lang='lat' dir='ltr'>potissimum</span> <span class='ocrx_word' id='word_1_323' title='bbox 1652 2524 1769 2565; x_wconf 88' lang='lat' dir='ltr'>grae-</span> 
     </span>
     <span class='ocr_line' id='line_1_35' title="bbox 283 2579 1772 2634; baseline 0 -12"><span class='ocrx_word' id='word_1_324' title='bbox 283 2581 422 2623; x_wconf 85' lang='lat' dir='ltr'>citatis</span> <span class='ocrx_word' id='word_1_325' title='bbox 456 2582 564 2624; x_wconf 88' lang='lat' dir='ltr'>hanc</span> <span class='ocrx_word' id='word_1_326' title='bbox 591 2582 760 2624; x_wconf 87' lang='lat' dir='ltr'>dicendi</span> <span class='ocrx_word' id='word_1_327' title='bbox 791 2581 1013 2624; x_wconf 89' lang='lat' dir='ltr'>formulam</span> <span class='ocrx_word' id='word_1_328' title='bbox 1051 2580 1470 2634; x_wconf 89' lang='lat' dir='ltr'>circumscripserint,</span> <span class='ocrx_word' id='word_1_329' title='bbox 1509 2579 1556 2620; x_wconf 89' lang='lat' dir='ltr'>in</span> <span class='ocrx_word' id='word_1_330' title='bbox 1594 2582 1772 2634; x_wconf 85' lang='lat' dir='ltr'>utroque</span> 
     </span>
     <span class='ocr_line' id='line_1_36' title="bbox 282 2649 1773 2704; baseline -0.002 -9"><span class='ocrx_word' id='word_1_331' title='bbox 282 2653 374 2695; x_wconf 89' lang='lat' dir='ltr'>loco</span> <span class='ocrx_word' id='word_1_332' title='bbox 404 2653 586 2696; x_wconf 89' lang='lat' dir='ltr'>tenenda</span> <span class='ocrx_word' id='word_1_333' title='bbox 614 2653 780 2696; x_wconf 89' lang='lat' dir='ltr'>videtur</span> <span class='ocrx_word' id='word_1_334' title='bbox 811 2653 999 2696; x_wconf 89' lang='lat' dir='ltr'>codicum</span> <span class='ocrx_word' id='word_1_335' title='bbox 1025 2652 1168 2703; x_wconf 89' lang='lat' dir='ltr'>lectio,</span> <span class='ocrx_word' id='word_1_336' title='bbox 1196 2666 1290 2694; x_wconf 89' lang='lat' dir='ltr'>cum</span> <span class='ocrx_word' id='word_1_337' title='bbox 1318 2650 1566 2704; x_wconf 83' lang='lat' dir='ltr'>praesertim</span> <span class='ocrx_word' id='word_1_338' title='bbox 1587 2649 1773 2692; x_wconf 87' lang='lat' dir='ltr'>nondum</span> 
     </span>
     <span class='ocr_line' id='line_1_37' title="bbox 281 2715 1774 2777; baseline -0.001 -14"><span class='ocrx_word' id='word_1_339' title='bbox 281 2725 477 2775; x_wconf 87' lang='lat' dir='ltr'>suppetat</span> <span class='ocrx_word' id='word_1_340' title='bbox 506 2722 743 2776; x_wconf 82' lang='lat' dir='ltr'>exemplum</span> <span class='ocrx_word' id='word_1_341' title='bbox 772 2722 994 2765; x_wconf 89' lang='lat' dir='ltr'>locutionis</span> <span class='ocrx_word' id='word_1_342' title='bbox 1036 2716 1117 2777; x_wconf 67' lang='grc' dir='ltr'>ἤδη</span> <span class='ocrx_word' id='word_1_343' title='bbox 1151 2720 1198 2763; x_wconf 70' lang='grc' dir='ltr'>δὲ</span> <span class='ocrx_word' id='word_1_344' title='bbox 1229 2719 1383 2777; x_wconf 77' lang='grc' dir='ltr'><em>πόρρω</em></span> <span class='ocrx_word' id='word_1_345' title='bbox 1414 2721 1491 2776; x_wconf 83' lang='grc' dir='ltr'><em>τῆς</em></span> <span class='ocrx_word' id='word_1_346' title='bbox 1526 2715 1693 2777; x_wconf 80' lang='grc' dir='ltr'><em>ἡμέρας</em></span> <span class='ocrx_word' id='word_1_347' title='bbox 1723 2715 1774 2762; x_wconf 72' lang='grc' dir='ltr'>ὅν</span> 
     </span>
     <span class='ocr_line' id='line_1_38' title="bbox 281 2786 1768 2848; baseline 0.001 -16"><span class='ocrx_word' id='word_1_348' title='bbox 281 2790 347 2833; x_wconf 88' lang='lat' dir='ltr'>vel</span> <span class='ocrx_word' id='word_1_349' title='bbox 389 2791 516 2833; x_wconf 86' lang='lat' dir='ltr'>etiam</span> <span class='ocrx_word' id='word_1_350' title='bbox 558 2786 684 2843; x_wconf 69' lang='grc' dir='ltr'><em>ὄντος</em></span> <span class='ocrx_word' id='word_1_351' title='bbox 724 2792 778 2835; x_wconf 90' lang='lat' dir='ltr'>ad</span> <span class='ocrx_word' id='word_1_352' title='bbox 813 2792 1048 2848; x_wconf 87' lang='lat' dir='ltr'>analogiam</span> <span class='ocrx_word' id='word_1_353' title='bbox 1084 2791 1239 2834; x_wconf 87' lang='lat' dir='ltr'>atticae</span> <span class='ocrx_word' id='word_1_354' title='bbox 1269 2790 1579 2834; x_wconf 89' lang='lat' dir='ltr'>consuetudinis</span> <span class='ocrx_word' id='word_1_355' title='bbox 1609 2790 1768 2833; x_wconf 86' lang='lat' dir='ltr'>confor-</span> 
     </span>
    </p>
   </div>
   <div class='ocr_carea' id='block_1_5' title="bbox 279 2858 1770 2986">
    <p class='ocr_par' dir='ltr' id='par_1_5' title="bbox 279 2858 1770 2986">
     <span class='ocr_line' id='line_1_39' title="bbox 280 2858 1770 2915; baseline -0.001 -12"><span class='ocrx_word' id='word_1_356' title='bbox 280 2863 438 2912; x_wconf 81' lang='lat' dir='ltr'>matae,</span> <span class='ocrx_word' id='word_1_357' title='bbox 483 2861 549 2903; x_wconf 89' lang='lat' dir='ltr'>cui</span> <span class='ocrx_word' id='word_1_358' title='bbox 589 2862 777 2915; x_wconf 83' lang='lat' dir='ltr'>proxime</span> <span class='ocrx_word' id='word_1_359' title='bbox 821 2862 1026 2905; x_wconf 83' lang='lat' dir='ltr'>accedunt</span> <span class='ocrx_word' id='word_1_360' title='bbox 1063 2861 1167 2904; x_wconf 87' lang='lat' dir='ltr'>haec</span> <span class='ocrx_word' id='word_1_361' title='bbox 1206 2860 1465 2915; x_wconf 89' lang='lat' dir='ltr'>Procopiana</span> <span class='ocrx_word' id='word_1_362' title='bbox 1502 2859 1541 2902; x_wconf 91' lang='lat' dir='ltr'>b.</span> <span class='ocrx_word' id='word_1_363' title='bbox 1576 2874 1614 2915; x_wconf 88' lang='lat' dir='ltr'>g.</span> <span class='ocrx_word' id='word_1_364' title='bbox 1645 2858 1685 2911; x_wconf 91' lang='lat' dir='ltr'>I,</span> <span class='ocrx_word' id='word_1_365' title='bbox 1720 2860 1770 2902; x_wconf 88' lang='lat'>18</span> 
     </span>
     <span class='ocr_line' id='line_1_40' title="bbox 279 2922 1770 2986; baseline -0.003 -16"><span class='ocrx_word' id='word_1_366' title='bbox 279 2941 319 2982; x_wconf 86' lang='lat' dir='ltr'>p.</span> <span class='ocrx_word' id='word_1_367' title='bbox 340 2931 411 2979; x_wconf 87' lang='lat'>93,</span> <span class='ocrx_word' id='word_1_368' title='bbox 435 2932 481 2971; x_wconf 82' lang='lat'>11</span> <span class='ocrx_word' id='word_1_369' title='bbox 517 2926 614 2970; x_wconf 71' lang='grc' dir='ltr'>ἐπεὶ</span> <span class='ocrx_word' id='word_1_370' title='bbox 642 2928 689 2971; x_wconf 71' lang='grc' dir='ltr'>δὲ</span> <span class='ocrx_word' id='word_1_371' title='bbox 720 2929 874 2986; x_wconf 75' lang='grc' dir='ltr'><em>πόρρω</em></span> <span class='ocrx_word' id='word_1_372' title='bbox 906 2922 957 2985; x_wconf 78' lang='grc' dir='ltr'>ἧν</span> <span class='ocrx_word' id='word_1_373' title='bbox 976 2928 1060 2969; x_wconf 84' lang='grc' dir='ltr'><em>τῶν</em></span> <span class='ocrx_word' id='word_1_374' title='bbox 1081 2928 1256 2979; x_wconf 70' lang='grc' dir='ltr'><em>νυκτῶν,</em></span> <span class='ocrx_word' id='word_1_375' title='bbox 1286 2926 1317 2979; x_wconf 87' lang='lat' dir='ltr'>I,</span> <span class='ocrx_word' id='word_1_376' title='bbox 1349 2931 1397 2971; x_wconf 93' lang='lat'>10</span> <span class='ocrx_word' id='word_1_377' title='bbox 1419 2940 1459 2981; x_wconf 88' lang='lat' dir='ltr'>p.</span> <span class='ocrx_word' id='word_1_378' title='bbox 1480 2929 1544 2978; x_wconf 86' lang='lat'>50,</span> <span class='ocrx_word' id='word_1_379' title='bbox 1569 2930 1588 2969; x_wconf 90' lang='lat'>1</span> <span class='ocrx_word' id='word_1_380' title='bbox 1617 2922 1770 2981; x_wconf 63' lang='grc' dir='ltr'><em>ἐπειδὴ</em></span> 
     </span>
    </p>
   </div>
   <div class='ocr_carea' id='block_1_6' title="bbox 1937 2835 1962 3314">
    <p class='ocr_par' dir='ltr' id='par_1_6' title="bbox 1937 2806 1962 3314">
     <span class='ocr_line' id='line_1_41' title="bbox 1937 2835 1962 3314; textangle 90"><span class='ocrx_word' id='word_1_381' title='bbox 1937 2910 1962 3314; x_wconf 29' lang='lat' dir='ltr'>mmmmm-uxama...-</span> <span class='ocrx_word' id='word_1_382' title='bbox 1960 2897 1962 2901; x_wconf 67' lang='lat'>.</span> <span class='ocrx_word' id='word_1_383' title='bbox 1955 2835 1962 2886; x_wconf 47' lang='lat' dir='ltr'>aaa...</span> 
     </span>
    </p>
   </div>
  </div>
 </body>
</html>
