1962 3314
932 122 1243 162 -112—

476 234 510 264 et
531 231 647 265 loann.
675 229 853 276 chrysost.
878 232 922 265 de
945 232 1068 275 virgin.
1093 242 1127 276 p.
1156 232 1239 275 135,
1273 232 1313 265 21
1345 227 1463 267 πολλοὲ
1493 231 1543 268 ἔτι
1567 230 1704 268 τούτων
1721 233 1834 279 χαλε-

473 286 618 336 πώτερα
642 286 876 334 ἀπολαβόντα
894 288 933 325 τὸ
951 292 1059 337 σῶμα
1086 291 1277 337 πολιορκεῖ
1291 291 1338 329 εἰς
1364 287 1516 336 ἐσχάτας
1537 287 1727 330 ἄναπνοάς
1738 289 1829 328 conl.

472 356 508 390 p.
530 345 607 388 149,
633 346 667 388 2,
693 355 782 389 quos
806 347 950 389 praeivit
975 350 1095 380 auctor
1117 345 1225 381 libelli
1252 347 1296 380 do
1322 346 1415 382 Alex.
1444 359 1472 383 s.
1498 348 1573 383 virt.
1589 359 1617 383 s.
1639 349 1715 383 sort.
1735 357 1783 382 or.
1802 344 1831 379 11

453 404 508 451 ¹p.
535 407 633 440 341d
657 408 907 455 πολιορκοῦσα
930 405 992 446 τὰς
1016 402 1122 452 ὄψεις
1146 408 1207 441 καὶ
1232 405 1294 446 τὰς
1315 404 1453 452 βάσεις.

338 545 432 586 Quae
464 544 497 577 in
529 547 612 586 part.
651 542 698 576 tv
726 553 759 586 p.
796 544 838 576 24
869 543 913 576 de
947 543 1187 577 conlocatione
1222 543 1474 586 provinciarum
1508 543 1769 587 Paphlagoniae
1800 547 1834 576 et

474 599 717 643 Cappadociae
743 600 824 642 dixi,
850 601 980 633 adstrui
1007 604 1163 643 poterant
1189 599 1347 643 Xenoph.
1375 599 1497 645 Cyrop.
1527 601 1589 642 vt,
1615 602 1656 643 2,
1687 602 1747 642 10,
1773 601 1832 635 nbi

473 660 597 693 eodem
643 660 764 693 ordine
804 664 906 702 atque
950 660 1043 703 apud
1088 659 1234 693 Plinium
1277 663 1310 693 et
1350 659 1517 694 Zonaram
1559 660 1725 694 incedunt
1771 661 1829 693 καὶ

472 714 670 754 Λυκάονας
694 718 754 750 καὶ
781 720 865 761 Har(
875 714 1034 760 λαγόνας
1056 718 1114 750 καὶ
1145 713 1411 755 Καππάδοκας.

337 843 373 877 Si
404 854 493 886 quae
526 845 594 877 sint
625 853 805 886 operarum
845 842 1037 886 sphalmata
1082 842 1137 876 vel
1170 845 1237 876 mei
1274 854 1427 886 errores,
1468 854 1556 887 quos
1590 844 1717 879 multos
1749 855 1832 880 ease

470 911 631 944 auguror,
659 901 750 944 apud
776 901 937 934 cordatos
962 900 1110 934 tectores
1137 902 1274 934 veniam
1302 902 1374 935 sore
1400 902 1552 937 confido.

816 1131 1321 1180 ww&
