<?xml version="1.0" encoding="UTF-8"?>
<!DOCTYPE html PUBLIC "-//W3C//DTD XHTML 1.0 Transitional//EN"
    "http://www.w3.org/TR/xhtml1/DTD/xhtml1-transitional.dtd">
<html xmlns="http://www.w3.org/1999/xhtml" xml:lang="en" lang="en">
 <head>
  <title>
</title>
<meta http-equiv="Content-Type" content="text/html;charset=utf-8" />
  <meta name='ocr-system' content='tesseract 3.04.00' />
  <meta name='ocr-capabilities' content='ocr_page ocr_carea ocr_par ocr_line ocrx_word'/>
</head>
<body>
  <div class='ocr_page' id='page_1' title='image "./vindiciarumpluta00doehuoft_0024.png"; bbox 0 0 1962 3314; ppageno 0'>
   <div class='ocr_carea' id='block_1_1' title="bbox 895 147 1179 210">
    <p class='ocr_par' dir='ltr' id='par_1_1' title="bbox 895 147 1179 210">
     <span class='ocr_line' id='line_1_1' title="bbox 895 147 1179 210; baseline 0.007 -23"><span class='ocrx_word' id='word_1_1' title='bbox 895 147 1179 210; x_wconf 76' lang='lat'><strong>-14·-.</strong></span> 
     </span>
    </p>
   </div>
   <div class='ocr_carea' id='block_1_2' title="bbox 278 251 1785 2942">
    <p class='ocr_par' dir='ltr' id='par_1_2' title="bbox 278 251 1785 1970">
     <span class='ocr_line' id='line_1_2' title="bbox 293 251 1782 311; baseline 0.003 -14"><span class='ocrx_word' id='word_1_2' title='bbox 293 252 509 297; x_wconf 80' lang='lat' dir='ltr'><strong>Musarum</strong></span> <span class='ocrx_word' id='word_1_3' title='bbox 546 251 793 306; x_wconf 79' lang='lat' dir='ltr'><strong>adpellatio‚</strong></span> <span class='ocrx_word' id='word_1_4' title='bbox 831 266 1085 308; x_wconf 89' lang='lat' dir='ltr'><strong>quamquam</strong></span> <span class='ocrx_word' id='word_1_5' title='bbox 1122 267 1149 296; x_wconf 89' lang='lat' dir='ltr'><strong>a</strong></span> <span class='ocrx_word' id='word_1_6' title='bbox 1183 254 1298 297; x_wconf 90' lang='lat' dir='ltr'><strong>nullo</strong></span> <span class='ocrx_word' id='word_1_7' title='bbox 1334 254 1417 298; x_wconf 91' lang='lat' dir='ltr'><strong>alio</strong></span> <span class='ocrx_word' id='word_1_8' title='bbox 1455 259 1659 311; x_wconf 85' lang='lat' dir='ltr'><strong>quantum</strong></span> <span class='ocrx_word' id='word_1_9' title='bbox 1697 256 1782 301; x_wconf 85' lang='lat' dir='ltr'><strong>scio</strong></span> 
     </span>
     <span class='ocr_line' id='line_1_3' title="bbox 296 317 1780 376; baseline 0.003 -15"><span class='ocrx_word' id='word_1_10' title='bbox 296 319 499 373; x_wconf 70' lang='lat' dir='ltr'>scriptore</span> <span class='ocrx_word' id='word_1_11' title='bbox 528 317 778 374; x_wconf 85' lang='lat' dir='ltr'><strong>significata,</strong></span> <span class='ocrx_word' id='word_1_12' title='bbox 809 333 857 362; x_wconf 89' lang='lat' dir='ltr'><strong>eo</strong></span> <span class='ocrx_word' id='word_1_13' title='bbox 885 333 1050 375; x_wconf 89' lang='lat' dir='ltr'><strong>quoque</strong></span> <span class='ocrx_word' id='word_1_14' title='bbox 1079 318 1269 363; x_wconf 87' lang='lat' dir='ltr'><strong>videatur</strong></span> <span class='ocrx_word' id='word_1_15' title='bbox 1298 321 1602 376; x_wconf 86' lang='lat' dir='ltr'><strong>quodammodo</strong></span> <span class='ocrx_word' id='word_1_16' title='bbox 1631 321 1780 366; x_wconf 87' lang='lat' dir='ltr'><strong>confir-</strong></span> 
     </span>
     <span class='ocr_line' id='line_1_4' title="bbox 292 387 1784 443; baseline 0.003 -13"><span class='ocrx_word' id='word_1_17' title='bbox 292 388 423 439; x_wconf 86' lang='lat' dir='ltr'><strong>mari,</strong></span> <span class='ocrx_word' id='word_1_18' title='bbox 467 388 579 443; x_wconf 91' lang='lat' dir='ltr'><strong>quod</strong></span> <span class='ocrx_word' id='word_1_19' title='bbox 617 387 730 442; x_wconf 88' lang='lat' dir='ltr'><strong>apud</strong></span> <span class='ocrx_word' id='word_1_20' title='bbox 769 387 964 431; x_wconf 89' lang='lat' dir='ltr'><strong>Ovidium</strong></span> <span class='ocrx_word' id='word_1_21' title='bbox 1000 388 1099 431; x_wconf 87' lang='lat' dir='ltr'><strong>Met.</strong></span> <span class='ocrx_word' id='word_1_22' title='bbox 1130 388 1179 440; x_wconf 91' lang='lat' dir='ltr'><strong>V,</strong></span> <span class='ocrx_word' id='word_1_23' title='bbox 1211 392 1292 434; x_wconf 83' lang='lat'><strong>269</strong></span> <span class='ocrx_word' id='word_1_24' title='bbox 1331 391 1474 435; x_wconf 85' lang='lat' dir='ltr'><strong>Musae</strong></span> <span class='ocrx_word' id='word_1_25' title='bbox 1514 392 1784 435; x_wconf 77' lang='lat' dir='ltr'><strong>nominantur</strong></span> 
     </span>
     <span class='ocr_line' id='line_1_5' title="bbox 278 457 1783 520; baseline 0.005 -22"><span class='ocrx_word' id='word_1_26' title='bbox 278 457 393 509; x_wconf 77' lang='lat' dir='ltr'><strong>filiae</strong></span> <span class='ocrx_word' id='word_1_27' title='bbox 410 459 685 509; x_wconf 70' lang='lat' dir='ltr'><strong>MnemonideS,</strong></span> <span class='ocrx_word' id='word_1_28' title='bbox 718 457 829 516; x_wconf 88' lang='lat' dir='ltr'><strong>quod</strong></span> <span class='ocrx_word' id='word_1_29' title='bbox 855 458 1203 520; x_wconf 85' lang='lat' dir='ltr'><strong>metronymicum</strong></span> <span class='ocrx_word' id='word_1_30' title='bbox 1221 458 1441 503; x_wconf 83' lang='lat' dir='ltr'><strong>videbatur</strong></span> <span class='ocrx_word' id='word_1_31' title='bbox 1461 461 1670 505; x_wconf 90' lang='lat' dir='ltr'><strong>Lobeckio</strong></span> <span class='ocrx_word' id='word_1_32' title='bbox 1699 462 1725 504; x_wconf 95' lang='lat' dir='ltr'><strong>l.</strong></span> <span class='ocrx_word' id='word_1_33' title='bbox 1745 462 1783 512; x_wconf 82' lang='grc'><strong>1.,</strong></span> 
     </span>
     <span class='ocr_line' id='line_1_6' title="bbox 291 527 1780 586; baseline 0.005 -17"><span class='ocrx_word' id='word_1_34' title='bbox 291 527 529 570; x_wconf 86' lang='lat' dir='ltr'><strong>derivatum</strong></span> <span class='ocrx_word' id='word_1_35' title='bbox 557 542 584 570; x_wconf 89' lang='lat' dir='ltr'><strong>a</strong></span> <span class='ocrx_word' id='word_1_36' title='bbox 614 527 788 586; x_wconf 77' lang='grc' dir='ltr'><em>Μνημιύ</em></span> <span class='ocrx_word' id='word_1_37' title='bbox 804 563 813 579; x_wconf 94' lang='grc'><strong>,</strong></span> <span class='ocrx_word' id='word_1_38' title='bbox 846 533 981 572; x_wconf 89' lang='lat' dir='ltr'><strong>matre</strong></span> <span class='ocrx_word' id='word_1_39' title='bbox 1011 529 1241 581; x_wconf 82' lang='lat' dir='ltr'><strong>Musarum,</strong></span> <span class='ocrx_word' id='word_1_40' title='bbox 1271 530 1344 573; x_wconf 91' lang='lat' dir='ltr'><strong>illo</strong></span> <span class='ocrx_word' id='word_1_41' title='bbox 1372 532 1538 576; x_wconf 90' lang='lat' dir='ltr'><strong>nomine</strong></span> <span class='ocrx_word' id='word_1_42' title='bbox 1567 531 1780 586; x_wconf 79' lang='lat' dir='ltr'>adpellata</span> 
     </span>
     <span class='ocr_line' id='line_1_7' title="bbox 297 596 1782 655; baseline 0.004 -16"><span class='ocrx_word' id='word_1_43' title='bbox 297 597 349 640; x_wconf 93' lang='lat' dir='ltr'><strong>ab</strong></span> <span class='ocrx_word' id='word_1_44' title='bbox 380 596 563 651; x_wconf 88' lang='lat' dir='ltr'><strong>Orpheo,</strong></span> <span class='ocrx_word' id='word_1_45' title='bbox 602 600 710 641; x_wconf 87' lang='lat' dir='ltr'><strong>teste</strong></span> <span class='ocrx_word' id='word_1_46' title='bbox 740 596 1036 654; x_wconf 83' lang='lat' dir='ltr'><strong>Olympiodoro</strong></span> <span class='ocrx_word' id='word_1_47' title='bbox 1076 598 1130 641; x_wconf 88' lang='lat' dir='ltr'><strong>ad</strong></span> <span class='ocrx_word' id='word_1_48' title='bbox 1171 598 1330 642; x_wconf 90' lang='lat' dir='ltr'><strong>Phileb.</strong></span> <span class='ocrx_word' id='word_1_49' title='bbox 1361 614 1424 654; x_wconf 92' lang='lat' dir='ltr'><strong>ap.</strong></span> <span class='ocrx_word' id='word_1_50' title='bbox 1455 599 1600 645; x_wconf 87' lang='lat' dir='ltr'><strong>Stallb.</strong></span> <span class='ocrx_word' id='word_1_51' title='bbox 1630 614 1670 655; x_wconf 86' lang='lat' dir='ltr'><strong>p.</strong></span> <span class='ocrx_word' id='word_1_52' title='bbox 1700 602 1782 645; x_wconf 83' lang='lat'><strong>278</strong></span> 
     </span>
     <span class='ocr_line' id='line_1_8' title="bbox 295 666 1780 723; baseline 0.001 -13"><span class='ocrx_word' id='word_1_53' title='bbox 295 666 406 719; x_wconf 83' lang='lat' dir='ltr'><strong>aliis,</strong></span> <span class='ocrx_word' id='word_1_54' title='bbox 435 667 549 722; x_wconf 88' lang='lat' dir='ltr'><strong>quod</strong></span> <span class='ocrx_word' id='word_1_55' title='bbox 577 681 730 711; x_wconf 91' lang='lat' dir='ltr'><strong>nomen</strong></span> <span class='ocrx_word' id='word_1_56' title='bbox 758 668 968 711; x_wconf 77' lang='lat' dir='ltr'><strong>recentior</strong></span> <span class='ocrx_word' id='word_1_57' title='bbox 996 667 1238 723; x_wconf 86' lang='lat' dir='ltr'><strong>mythorum</strong></span> <span class='ocrx_word' id='word_1_58' title='bbox 1266 668 1427 712; x_wconf 84' lang='lat' dir='ltr'><strong>fabrica</strong></span> <span class='ocrx_word' id='word_1_59' title='bbox 1455 670 1643 713; x_wconf 89' lang='lat' dir='ltr'><strong>consulto</strong></span> <span class='ocrx_word' id='word_1_60' title='bbox 1665 670 1780 714; x_wconf 86' lang='lat' dir='ltr'><strong>adul-</strong></span> 
     </span>
     <span class='ocr_line' id='line_1_9' title="bbox 295 736 1780 796; baseline 0.001 -14"><span class='ocrx_word' id='word_1_61' title='bbox 295 742 453 782; x_wconf 83' lang='lat' dir='ltr'><strong>terasse</strong></span> <span class='ocrx_word' id='word_1_62' title='bbox 481 738 647 782; x_wconf 87' lang='lat' dir='ltr'><strong>videtur</strong></span> <span class='ocrx_word' id='word_1_63' title='bbox 675 739 722 781; x_wconf 92' lang='lat' dir='ltr'><strong>in</strong></span> <span class='ocrx_word' id='word_1_64' title='bbox 751 736 942 796; x_wconf 76' lang='grc' dir='ltr'><strong><em>Μνὴμη.’</em></strong></span> <span class='ocrx_word' id='word_1_65' title='bbox 1002 739 1069 781; x_wconf 88' lang='lat' dir='ltr'><strong>Ad</strong></span> <span class='ocrx_word' id='word_1_66' title='bbox 1099 739 1277 782; x_wconf 89' lang='lat' dir='ltr'><strong>similem</strong></span> <span class='ocrx_word' id='word_1_67' title='bbox 1315 740 1523 784; x_wconf 89' lang='lat' dir='ltr'><strong>rationem</strong></span> <span class='ocrx_word' id='word_1_68' title='bbox 1547 740 1663 795; x_wconf 82' lang='lat' dir='ltr'><strong>apud</strong></span> <span class='ocrx_word' id='word_1_69' title='bbox 1694 740 1780 796; x_wconf 82' lang='lat' dir='ltr'><strong>Hy-</strong></span> 
     </span>
     <span class='ocr_line' id='line_1_10' title="bbox 295 809 1785 866; baseline 0.001 -13"><span class='ocrx_word' id='word_1_70' title='bbox 295 810 439 866; x_wconf 87' lang='lat' dir='ltr'><strong>ginum</strong></span> <span class='ocrx_word' id='word_1_71' title='bbox 468 824 507 865; x_wconf 90' lang='lat' dir='ltr'><strong>p.</strong></span> <span class='ocrx_word' id='word_1_72' title='bbox 541 814 591 855; x_wconf 88' lang='lat'><strong>13</strong></span> <span class='ocrx_word' id='word_1_73' title='bbox 622 810 684 854; x_wconf 89' lang='lat' dir='ltr'><strong>ed.</strong></span> <span class='ocrx_word' id='word_1_74' title='bbox 717 809 826 853; x_wconf 86' lang='lat' dir='ltr'><strong>Stav.</strong></span> <span class='ocrx_word' id='word_1_75' title='bbox 865 810 1010 854; x_wconf 87' lang='lat' dir='ltr'><strong>Musae</strong></span> <span class='ocrx_word' id='word_1_76' title='bbox 1038 810 1217 853; x_wconf 88' lang='lat' dir='ltr'><strong>audiunt</strong></span> <span class='ocrx_word' id='word_1_77' title='bbox 1245 810 1354 854; x_wconf 88' lang='lat' dir='ltr'><strong>Iovis</strong></span> <span class='ocrx_word' id='word_1_78' title='bbox 1374 815 1426 855; x_wconf 80' lang='lat' dir='ltr'><strong>&#39;et</strong></span> <span class='ocrx_word' id='word_1_79' title='bbox 1464 813 1636 855; x_wconf 78' lang='lat' dir='ltr'><strong>Monetae</strong></span> <span class='ocrx_word' id='word_1_80' title='bbox 1662 810 1785 862; x_wconf 84' lang='lat' dir='ltr'><strong>filiae,</strong></span> 
     </span>
     <span class='ocr_line' id='line_1_11' title="bbox 294 881 1785 937; baseline 0 -13"><span class='ocrx_word' id='word_1_81' title='bbox 294 895 422 936; x_wconf 89' lang='lat' dir='ltr'><strong>quam</strong></span> <span class='ocrx_word' id='word_1_82' title='bbox 453 883 645 924; x_wconf 79' lang='lat' dir='ltr'><strong>Monetam</strong></span> <span class='ocrx_word' id='word_1_83' title='bbox 674 881 850 925; x_wconf 86' lang='lat' dir='ltr'><strong>eandem</strong></span> <span class='ocrx_word' id='word_1_84' title='bbox 879 895 968 924; x_wconf 89' lang='lat' dir='ltr'><strong>esse</strong></span> <span class='ocrx_word' id='word_1_85' title='bbox 999 895 1048 924; x_wconf 91' lang='lat' dir='ltr'><strong>ac</strong></span> <span class='ocrx_word' id='word_1_86' title='bbox 1078 883 1346 937; x_wconf 67' lang='lat' dir='ltr'><strong>Mnemosynen</strong></span> <span class='ocrx_word' id='word_1_87' title='bbox 1379 882 1654 926; x_wconf 88' lang='lat' dir='ltr'><strong>disertissimo</strong></span> <span class='ocrx_word' id='word_1_88' title='bbox 1693 882 1785 926; x_wconf 81' lang='lat' dir='ltr'><strong>Livi</strong></span> 
     </span>
     <span class='ocr_line' id='line_1_12' title="bbox 295 946 1783 1006; baseline 0.003 -17"><span class='ocrx_word' id='word_1_89' title='bbox 295 946 526 991; x_wconf 82' lang='lat' dir='ltr'><strong>Andronici</strong></span> <span class='ocrx_word' id='word_1_90' title='bbox 545 961 610 1002; x_wconf 89' lang='lat' dir='ltr'><strong>ap.</strong></span> <span class='ocrx_word' id='word_1_91' title='bbox 625 947 751 990; x_wconf 84' lang='lat' dir='ltr'><strong>Prisc.</strong></span> <span class='ocrx_word' id='word_1_92' title='bbox 767 950 902 1005; x_wconf 59' lang='lat'><strong>12221</strong></span> <span class='ocrx_word' id='word_1_93' title='bbox 920 947 971 990; x_wconf 89' lang='lat' dir='ltr'><strong>K.</strong></span> <span class='ocrx_word' id='word_1_94' title='bbox 993 948 1198 991; x_wconf 77' lang='lat' dir='ltr'><strong>evincitur</strong></span> <span class='ocrx_word' id='word_1_95' title='bbox 1215 949 1464 992; x_wconf 83' lang='lat' dir='ltr'><strong>testimonio.</strong></span> <span class='ocrx_word' id='word_1_96' title='bbox 1523 950 1783 1006; x_wconf 80' lang='lat' dir='ltr'><strong>Quamquam</strong></span> 
     </span>
     <span class='ocr_line' id='line_1_13' title="bbox 297 1017 1782 1071; baseline 0.002 -12"><span class='ocrx_word' id='word_1_97' title='bbox 297 1030 440 1059; x_wconf 89' lang='lat' dir='ltr'><strong>rursus</strong></span> <span class='ocrx_word' id='word_1_98' title='bbox 457 1017 532 1059; x_wconf 90' lang='lat' dir='ltr'><strong>uni</strong></span> <span class='ocrx_word' id='word_1_99' title='bbox 557 1017 686 1059; x_wconf 87' lang='lat' dir='ltr'><strong>trium</strong></span> <span class='ocrx_word' id='word_1_100' title='bbox 705 1017 929 1068; x_wconf 87' lang='lat' dir='ltr'><strong>Musarum,</strong></span> <span class='ocrx_word' id='word_1_101' title='bbox 948 1031 1126 1071; x_wconf 89' lang='lat' dir='ltr'><strong>quarum</strong></span> <span class='ocrx_word' id='word_1_102' title='bbox 1145 1017 1303 1060; x_wconf 91' lang='lat' dir='ltr'><strong>cultum</strong></span> <span class='ocrx_word' id='word_1_103' title='bbox 1322 1017 1496 1062; x_wconf 90' lang='lat' dir='ltr'><strong>Aloidae</strong></span> <span class='ocrx_word' id='word_1_104' title='bbox 1515 1019 1561 1061; x_wconf 97' lang='grc'><strong>111</strong></span> <span class='ocrx_word' id='word_1_105' title='bbox 1581 1018 1782 1062; x_wconf 87' lang='lat' dir='ltr'><strong>Helicone</strong></span> 
     </span>
     <span class='ocr_line' id='line_1_14' title="bbox 295 1086 1784 1139; baseline 0 -9"><span class='ocrx_word' id='word_1_106' title='bbox 295 1088 585 1139; x_wconf 88' lang='lat' dir='ltr'><strong>instituerunt,</strong></span> <span class='ocrx_word' id='word_1_107' title='bbox 624 1087 821 1130; x_wconf 89' lang='lat' dir='ltr'><strong>Mnemen</strong></span> <span class='ocrx_word' id='word_1_108' title='bbox 849 1101 1001 1130; x_wconf 90' lang='lat' dir='ltr'><strong>nomen</strong></span> <span class='ocrx_word' id='word_1_109' title='bbox 1029 1086 1211 1129; x_wconf 89' lang='lat' dir='ltr'><strong>inditum</strong></span> <span class='ocrx_word' id='word_1_110' title='bbox 1239 1087 1366 1130; x_wconf 85' lang='lat' dir='ltr'><strong>fuisse</strong></span> <span class='ocrx_word' id='word_1_111' title='bbox 1396 1091 1541 1130; x_wconf 83' lang='lat' dir='ltr'><strong>auctor</strong></span> <span class='ocrx_word' id='word_1_112' title='bbox 1573 1091 1638 1130; x_wconf 89' lang='lat' dir='ltr'><strong>est</strong></span> <span class='ocrx_word' id='word_1_113' title='bbox 1665 1088 1784 1132; x_wconf 87' lang='lat' dir='ltr'><strong>Paus.</strong></span> 
     </span>
     <span class='ocr_line' id='line_1_15' title="bbox 298 1156 1783 1212; baseline 0.001 -12"><span class='ocrx_word' id='word_1_114' title='bbox 298 1157 376 1209; x_wconf 89' lang='lat' dir='ltr'><strong>IX,</strong></span> <span class='ocrx_word' id='word_1_115' title='bbox 404 1161 468 1209; x_wconf 84' lang='lat'><strong>29,</strong></span> <span class='ocrx_word' id='word_1_116' title='bbox 491 1161 528 1202; x_wconf 87' lang='lat'><strong>2.</strong></span> <span class='ocrx_word' id='word_1_117' title='bbox 588 1156 670 1200; x_wconf 90' lang='lat' dir='ltr'><strong>Sed</strong></span> <span class='ocrx_word' id='word_1_118' title='bbox 693 1157 797 1200; x_wconf 87' lang='lat' dir='ltr'><strong>haec</strong></span> <span class='ocrx_word' id='word_1_119' title='bbox 817 1157 1030 1211; x_wconf 88' lang='lat' dir='ltr'><strong>conpilare</strong></span> <span class='ocrx_word' id='word_1_120' title='bbox 1051 1157 1158 1199; x_wconf 88' lang='lat' dir='ltr'><strong>nihil</strong></span> <span class='ocrx_word' id='word_1_121' title='bbox 1178 1171 1281 1211; x_wconf 89' lang='lat' dir='ltr'><strong>opus</strong></span> <span class='ocrx_word' id='word_1_122' title='bbox 1302 1162 1381 1209; x_wconf 88' lang='lat' dir='ltr'><strong>est,</strong></span> <span class='ocrx_word' id='word_1_123' title='bbox 1411 1172 1506 1200; x_wconf 89' lang='lat' dir='ltr'><strong>cum</strong></span> <span class='ocrx_word' id='word_1_124' title='bbox 1524 1159 1783 1212; x_wconf 89' lang='lat' dir='ltr'><strong>praesertim,</strong></span> 
     </span>
     <span class='ocr_line' id='line_1_16' title="bbox 293 1227 1781 1283; baseline 0.001 -13"><span class='ocrx_word' id='word_1_125' title='bbox 293 1227 493 1283; x_wconf 83' lang='lat' dir='ltr'><strong>quicquid</strong></span> <span class='ocrx_word' id='word_1_126' title='bbox 535 1231 756 1282; x_wconf 87' lang='lat' dir='ltr'><strong>praeterea</strong></span> <span class='ocrx_word' id='word_1_127' title='bbox 795 1227 878 1270; x_wconf 91' lang='lat' dir='ltr'><strong>dici</strong></span> <span class='ocrx_word' id='word_1_128' title='bbox 910 1227 1065 1281; x_wconf 87' lang='lat' dir='ltr'><strong>potuit,</strong></span> <span class='ocrx_word' id='word_1_129' title='bbox 1105 1227 1378 1271; x_wconf 89' lang='lat' dir='ltr'><strong>subtilissima</strong></span> <span class='ocrx_word' id='word_1_130' title='bbox 1418 1228 1602 1271; x_wconf 89' lang='lat' dir='ltr'><strong>Lobecki</strong></span> <span class='ocrx_word' id='word_1_131' title='bbox 1644 1228 1781 1283; x_wconf 88' lang='lat' dir='ltr'><strong>dispu-</strong></span> 
     </span>
     <span class='ocr_line' id='line_1_17' title="bbox 295 1295 1781 1352; baseline 0 -13"><span class='ocrx_word' id='word_1_132' title='bbox 295 1296 455 1342; x_wconf 84' lang='lat' dir='ltr'><strong>tatione</strong></span> <span class='ocrx_word' id='word_1_133' title='bbox 485 1299 732 1349; x_wconf 87' lang='lat' dir='ltr'><strong>occupatum</strong></span> <span class='ocrx_word' id='word_1_134' title='bbox 766 1295 944 1340; x_wconf 82' lang='lat' dir='ltr'><strong>videam.</strong></span> <span class='ocrx_word' id='word_1_135' title='bbox 1012 1295 1079 1337; x_wconf 85' lang='lat' dir='ltr'><strong>Ita</strong></span> <span class='ocrx_word' id='word_1_136' title='bbox 1107 1295 1215 1337; x_wconf 89' lang='lat' dir='ltr'><strong>nihil</strong></span> <span class='ocrx_word' id='word_1_137' title='bbox 1242 1295 1429 1350; x_wconf 86' lang='lat' dir='ltr'><strong>profecto</strong></span> <span class='ocrx_word' id='word_1_138' title='bbox 1462 1296 1644 1351; x_wconf 86' lang='lat' dir='ltr'><strong>inpedit,</strong></span> <span class='ocrx_word' id='word_1_139' title='bbox 1680 1311 1781 1352; x_wconf 88' lang='lat' dir='ltr'><strong>quo-</strong></span> 
     </span>
     <span class='ocr_line' id='line_1_18' title="bbox 294 1363 1784 1418; baseline -0.001 -9"><span class='ocrx_word' id='word_1_140' title='bbox 294 1366 430 1409; x_wconf 88' lang='lat' dir='ltr'><strong>minus</strong></span> <span class='ocrx_word' id='word_1_141' title='bbox 468 1365 534 1408; x_wconf 85' lang='lat' dir='ltr'><strong>vel</strong></span> <span class='ocrx_word' id='word_1_142' title='bbox 573 1363 864 1408; x_wconf 87' lang='lat' dir='ltr'><strong>deficientibus</strong></span> <span class='ocrx_word' id='word_1_143' title='bbox 902 1364 1320 1418; x_wconf 21' lang='lat' dir='ltr'><strong>testimoniislMusas</strong></span> <span class='ocrx_word' id='word_1_144' title='bbox 1354 1366 1533 1408; x_wconf 78' lang='grc' dir='ltr'><em>Μνειιῦν</em></span> <span class='ocrx_word' id='word_1_145' title='bbox 1562 1365 1729 1408; x_wconf 91' lang='lat' dir='ltr'><strong>nomine</strong></span> <span class='ocrx_word' id='word_1_146' title='bbox 1758 1379 1784 1408; x_wconf 89' lang='lat' dir='ltr'><strong>a</strong></span> 
     </span>
     <span class='ocr_line' id='line_1_19' title="bbox 294 1430 1778 1489; baseline 0.001 -14"><span class='ocrx_word' id='word_1_147' title='bbox 294 1430 546 1486; x_wconf 89' lang='lat' dir='ltr'><strong>quibusdam</strong></span> <span class='ocrx_word' id='word_1_148' title='bbox 571 1431 758 1482; x_wconf 86' lang='lat' dir='ltr'><strong>Graecis,</strong></span> <span class='ocrx_word' id='word_1_149' title='bbox 788 1430 893 1473; x_wconf 88' lang='lat' dir='ltr'><strong>alias</strong></span> <span class='ocrx_word' id='word_1_150' title='bbox 923 1430 1048 1474; x_wconf 88' lang='lat' dir='ltr'><strong>aliter</strong></span> <span class='ocrx_word' id='word_1_151' title='bbox 1074 1432 1119 1473; x_wconf 90' lang='lat' dir='ltr'><strong>in</strong></span> <span class='ocrx_word' id='word_1_152' title='bbox 1145 1431 1297 1488; x_wconf 64' lang='lat' dir='ltr'><strong>fabulis</strong></span> <span class='ocrx_word' id='word_1_153' title='bbox 1325 1431 1531 1487; x_wconf 85' lang='lat' dir='ltr'><strong>fingendis</strong></span> <span class='ocrx_word' id='word_1_154' title='bbox 1560 1432 1778 1489; x_wconf 84' lang='lat' dir='ltr'><strong>diffingen-</strong></span> 
     </span>
     <span class='ocr_line' id='line_1_20' title="bbox 295 1501 1778 1560; baseline 0.001 -13"><span class='ocrx_word' id='word_1_155' title='bbox 295 1501 444 1558; x_wconf 79' lang='lat' dir='ltr'><strong>disque</strong></span> <span class='ocrx_word' id='word_1_156' title='bbox 479 1502 804 1549; x_wconf 83' lang='lat' dir='ltr'><strong>hariolantibus,</strong></span> <span class='ocrx_word' id='word_1_157' title='bbox 842 1502 1039 1558; x_wconf 87' lang='lat' dir='ltr'><strong>insigniri</strong></span> <span class='ocrx_word' id='word_1_158' title='bbox 1070 1504 1255 1558; x_wconf 87' lang='lat' dir='ltr'><strong>potuisse</strong></span> <span class='ocrx_word' id='word_1_159' title='bbox 1285 1503 1488 1557; x_wconf 79' lang='lat' dir='ltr'><strong>opineris,</strong></span> <span class='ocrx_word' id='word_1_160' title='bbox 1521 1503 1778 1560; x_wconf 78' lang='lat' dir='ltr'><strong>quandoqui-</strong></span> 
     </span>
     <span class='ocr_line' id='line_1_21' title="bbox 297 1568 1778 1625; baseline 0.002 -14"><span class='ocrx_word' id='word_1_161' title='bbox 297 1568 393 1612; x_wconf 87' lang='lat' dir='ltr'><strong>dem</strong></span> <span class='ocrx_word' id='word_1_162' title='bbox 411 1568 598 1613; x_wconf 89' lang='lat' dir='ltr'><strong>eiusdem</strong></span> <span class='ocrx_word' id='word_1_163' title='bbox 625 1569 707 1619; x_wconf 88' lang='lat' dir='ltr'><strong>rei,</strong></span> <span class='ocrx_word' id='word_1_164' title='bbox 738 1569 774 1610; x_wconf 91' lang='lat' dir='ltr'><strong>si</strong></span> <span class='ocrx_word' id='word_1_165' title='bbox 802 1583 887 1611; x_wconf 88' lang='lat' dir='ltr'><strong>non</strong></span> <span class='ocrx_word' id='word_1_166' title='bbox 915 1572 1208 1625; x_wconf 84' lang='lat' dir='ltr'><strong>argumentum</strong></span> <span class='ocrx_word' id='word_1_167' title='bbox 1237 1569 1363 1624; x_wconf 88' lang='lat' dir='ltr'><strong>plane</strong></span> <span class='ocrx_word' id='word_1_168' title='bbox 1394 1573 1571 1623; x_wconf 89' lang='lat' dir='ltr'><strong>certum,</strong></span> <span class='ocrx_word' id='word_1_169' title='bbox 1601 1575 1646 1615; x_wconf 87' lang='lat' dir='ltr'><strong>at</strong></span> <span class='ocrx_word' id='word_1_170' title='bbox 1673 1571 1778 1614; x_wconf 87' lang='lat' dir='ltr'><strong>indi-</strong></span> 
     </span>
     <span class='ocr_line' id='line_1_22' title="bbox 295 1636 1781 1694; baseline 0.002 -13"><span class='ocrx_word' id='word_1_171' title='bbox 295 1637 405 1685; x_wconf 87' lang='lat' dir='ltr'><strong>cium</strong></span> <span class='ocrx_word' id='word_1_172' title='bbox 436 1637 640 1681; x_wconf 90' lang='lat' dir='ltr'><strong>habemus</strong></span> <span class='ocrx_word' id='word_1_173' title='bbox 672 1637 716 1679; x_wconf 90' lang='lat' dir='ltr'><strong>ni</strong></span> <span class='ocrx_word' id='word_1_174' title='bbox 747 1636 871 1679; x_wconf 88' lang='lat' dir='ltr'><strong>fallor</strong></span> <span class='ocrx_word' id='word_1_175' title='bbox 891 1637 1005 1680; x_wconf 90' lang='lat' dir='ltr'><strong>haud</strong></span> <span class='ocrx_word' id='word_1_176' title='bbox 1034 1637 1315 1691; x_wconf 86' lang='lat' dir='ltr'><strong>spernendum</strong></span> <span class='ocrx_word' id='word_1_177' title='bbox 1346 1638 1470 1691; x_wconf 91' lang='lat' dir='ltr'><strong>illud,</strong></span> <span class='ocrx_word' id='word_1_178' title='bbox 1498 1639 1609 1694; x_wconf 92' lang='lat' dir='ltr'><strong>quod</strong></span> <span class='ocrx_word' id='word_1_179' title='bbox 1639 1640 1781 1684; x_wconf 83' lang='lat' dir='ltr'><strong>Musas</strong></span> 
     </span>
     <span class='ocr_line' id='line_1_23' title="bbox 295 1702 1781 1761; baseline 0.001 -13"><span class='ocrx_word' id='word_1_180' title='bbox 295 1705 526 1760; x_wconf 84' lang='lat' dir='ltr'><strong>reperimus</strong></span> <span class='ocrx_word' id='word_1_181' title='bbox 546 1705 731 1748; x_wconf 86' lang='lat' dir='ltr'><strong>invocari</strong></span> <span class='ocrx_word' id='word_1_182' title='bbox 753 1702 1004 1760; x_wconf 85' lang='lat' dir='ltr'><strong>aliquotiens</strong></span> <span class='ocrx_word' id='word_1_183' title='bbox 1026 1705 1138 1759; x_wconf 84' lang='lat' dir='ltr'><strong>apud</strong></span> <span class='ocrx_word' id='word_1_184' title='bbox 1148 1705 1394 1757; x_wconf 88' lang='lat' dir='ltr'><strong>Homerum,</strong></span> <span class='ocrx_word' id='word_1_185' title='bbox 1417 1706 1572 1761; x_wconf 82' lang='lat' dir='ltr'><strong>quippe</strong></span> <span class='ocrx_word' id='word_1_186' title='bbox 1593 1706 1781 1757; x_wconf 75' lang='lat' dir='ltr'><strong>sollertes</strong></span> 
     </span>
     <span class='ocr_line' id='line_1_24' title="bbox 293 1771 1263 1827; baseline -0.003 -10"><span class='ocrx_word' id='word_1_187' title='bbox 293 1772 518 1825; x_wconf 77' lang='lat' dir='ltr'><strong>memoriae</strong></span> <span class='ocrx_word' id='word_1_188' title='bbox 549 1772 837 1823; x_wconf 88' lang='lat' dir='ltr'><strong>administras,</strong></span> <span class='ocrx_word' id='word_1_189' title='bbox 875 1786 981 1827; x_wconf 89' lang='lat' dir='ltr'><strong>quae</strong></span> <span class='ocrx_word' id='word_1_190' title='bbox 1010 1771 1126 1826; x_wconf 85' lang='lat' dir='ltr'><strong>nulla</strong></span> <span class='ocrx_word' id='word_1_191' title='bbox 1154 1775 1263 1816; x_wconf 86' lang='lat' dir='ltr'><strong>esset</strong></span> 
     </span>
     <span class='ocr_line' id='line_1_25' title="bbox 459 1838 1504 1899; baseline 0 -13"><span class='ocrx_word' id='word_1_192' title='bbox 459 1841 499 1892; x_wconf 75' lang='grc' dir='ltr'><strong>εἰ,</strong></span> <span class='ocrx_word' id='word_1_193' title='bbox 527 1842 588 1899; x_wconf 81' lang='grc' dir='ltr'><strong>μὴ</strong></span> <span class='ocrx_word' id='word_1_194' title='bbox 619 1838 918 1896; x_wconf 80' lang='grc' dir='ltr'><em>Ὀλυμπιάδες</em></span> <span class='ocrx_word' id='word_1_195' title='bbox 944 1844 1120 1896; x_wconf 82' lang='grc' dir='ltr'><strong><em>μοῦσαι,</em></strong></span> <span class='ocrx_word' id='word_1_196' title='bbox 1146 1841 1260 1894; x_wconf 79' lang='grc' dir='ltr'><em>,Διὸς</em></span> <span class='ocrx_word' id='word_1_197' title='bbox 1289 1840 1504 1899; x_wconf 83' lang='grc' dir='ltr'><em>αἰγιόχοιο</em></span> 
     </span>
     <span class='ocr_line' id='line_1_26' title="bbox 455 1906 1626 1970; baseline 0 -14"><span class='ocrx_word' id='word_1_198' title='bbox 455 1912 716 1970; x_wconf 74' lang='grc' dir='ltr'><em>θυγατέρες,</em></span> <span class='ocrx_word' id='word_1_199' title='bbox 746 1907 1051 1968; x_wconf 69' lang='grc' dir='ltr'><em>μνησαίαθ’</em></span> <span class='ocrx_word' id='word_1_200' title='bbox 1083 1909 1183 1954; x_wconf 75' lang='grc' dir='ltr'><em>ὅσοι</em></span> <span class='ocrx_word' id='word_1_201' title='bbox 1211 1907 1300 1954; x_wconf 79' lang='grc' dir='ltr'><strong>ὑπὸ</strong></span> <span class='ocrx_word' id='word_1_202' title='bbox 1320 1906 1456 1954; x_wconf 76' lang='grc' dir='ltr'><em>Ἴλιον</em></span> <span class='ocrx_word' id='word_1_203' title='bbox 1483 1907 1626 1969; x_wconf 68' lang='grc' dir='ltr'><em>ἦλθον</em></span> 
     </span>
    </p>

    <p class='ocr_par' dir='ltr' id='par_1_3' title="bbox 288 1980 1779 2942">
     <span class='ocr_line' id='line_1_27' title="bbox 294 1980 1778 2040; baseline 0.001 -13"><span class='ocrx_word' id='word_1_204' title='bbox 294 1984 345 2037; x_wconf 94' lang='grc' dir='ltr'><strong>(Β</strong></span> <span class='ocrx_word' id='word_1_205' title='bbox 374 1987 452 2028; x_wconf 86' lang='grc'><strong>491</strong></span> <span class='ocrx_word' id='word_1_206' title='bbox 488 1983 579 2040; x_wconf 88' lang='lat' dir='ltr'><strong>sq.).</strong></span> <span class='ocrx_word' id='word_1_207' title='bbox 638 1981 753 2033; x_wconf 78' lang='lat' dir='ltr'><strong>Quae</strong></span> <span class='ocrx_word' id='word_1_208' title='bbox 782 1995 876 2024; x_wconf 93' lang='lat' dir='ltr'><strong>cum</strong></span> <span class='ocrx_word' id='word_1_209' title='bbox 914 1980 977 2024; x_wconf 85' lang='lat' dir='ltr'><strong>ita</strong></span> <span class='ocrx_word' id='word_1_210' title='bbox 1009 1980 1113 2032; x_wconf 90' lang='lat' dir='ltr'><strong>sint,</strong></span> <span class='ocrx_word' id='word_1_211' title='bbox 1155 1995 1239 2024; x_wconf 89' lang='lat' dir='ltr'><strong>non</strong></span> <span class='ocrx_word' id='word_1_212' title='bbox 1275 1980 1441 2024; x_wconf 84' lang='lat' dir='ltr'><strong>videtur</strong></span> <span class='ocrx_word' id='word_1_213' title='bbox 1474 1981 1778 2038; x_wconf 87' lang='lat' dir='ltr'><strong>ambigendum,</strong></span> 
     </span>
     <span class='ocr_line' id='line_1_28' title="bbox 290 2048 1779 2110; baseline -0.002 -12"><span class='ocrx_word' id='word_1_214' title='bbox 290 2054 395 2110; x_wconf 90' lang='lat' dir='ltr'><strong>quin</strong></span> <span class='ocrx_word' id='word_1_215' title='bbox 415 2054 460 2097; x_wconf 90' lang='lat' dir='ltr'><strong>in</strong></span> <span class='ocrx_word' id='word_1_216' title='bbox 482 2052 688 2107; x_wconf 89' lang='lat' dir='ltr'><strong>corruptis</strong></span> <span class='ocrx_word' id='word_1_217' title='bbox 707 2051 918 2095; x_wconf 88' lang='lat' dir='ltr'><strong>vocabulis</strong></span> <span class='ocrx_word' id='word_1_218' title='bbox 941 2048 1093 2107; x_wconf 77' lang='grc' dir='ltr'><em>ὥσπερ</em></span> <span class='ocrx_word' id='word_1_219' title='bbox 1116 2050 1161 2094; x_wconf 76' lang='grc' dir='ltr'><strong>ἐν</strong></span> <span class='ocrx_word' id='word_1_220' title='bbox 1183 2048 1287 2108; x_wconf 74' lang='grc' dir='ltr'><strong><em>λείῳ</em></strong></span> <span class='ocrx_word' id='word_1_221' title='bbox 1311 2051 1444 2094; x_wconf 89' lang='lat' dir='ltr'><strong>lateat</strong></span> <span class='ocrx_word' id='word_1_222' title='bbox 1462 2051 1637 2107; x_wconf 84' lang='lat' dir='ltr'><strong>aliquid,</strong></span> <span class='ocrx_word' id='word_1_223' title='bbox 1667 2052 1779 2108; x_wconf 88' lang='lat' dir='ltr'><strong>quod</strong></span> 
     </span>
     <span class='ocr_line' id='line_1_29' title="bbox 292 2121 1778 2179; baseline -0.001 -12"><span class='ocrx_word' id='word_1_224' title='bbox 292 2138 375 2179; x_wconf 91' lang='lat' dir='ltr'><strong>quo</strong></span> <span class='ocrx_word' id='word_1_225' title='bbox 416 2124 509 2166; x_wconf 87' lang='lat' dir='ltr'><strong>iure</strong></span> <span class='ocrx_word' id='word_1_226' title='bbox 553 2126 666 2165; x_wconf 89' lang='lat' dir='ltr'><strong>totus</strong></span> <span class='ocrx_word' id='word_1_227' title='bbox 708 2122 924 2165; x_wconf 80' lang='lat' dir='ltr'><strong>Musarum</strong></span> <span class='ocrx_word' id='word_1_228' title='bbox 963 2121 1114 2163; x_wconf 90' lang='lat' dir='ltr'><strong>chorus</strong></span> <span class='ocrx_word' id='word_1_229' title='bbox 1153 2123 1324 2164; x_wconf 82' lang='grc' dir='ltr'><em>Μνεῑαι</em></span> <span class='ocrx_word' id='word_1_230' title='bbox 1362 2122 1676 2178; x_wconf 84' lang='lat' dir='ltr'><strong>cognominatus</strong></span> <span class='ocrx_word' id='word_1_231' title='bbox 1713 2123 1778 2166; x_wconf 88' lang='lat' dir='ltr'><strong>vel</strong></span> 
     </span>
     <span class='ocr_line' id='line_1_30' title="bbox 292 2189 1774 2246; baseline 0.001 -11"><span class='ocrx_word' id='word_1_232' title='bbox 292 2191 415 2235; x_wconf 87' lang='lat' dir='ltr'><strong>unius</strong></span> <span class='ocrx_word' id='word_1_233' title='bbox 440 2190 680 2246; x_wconf 82' lang='lat' dir='ltr'><strong>Polymniae</strong></span> <span class='ocrx_word' id='word_1_234' title='bbox 710 2204 862 2233; x_wconf 88' lang='lat' dir='ltr'><strong>nomen</strong></span> <span class='ocrx_word' id='word_1_235' title='bbox 891 2189 945 2232; x_wconf 90' lang='lat' dir='ltr'><strong>ad</strong></span> <span class='ocrx_word' id='word_1_236' title='bbox 973 2202 1115 2232; x_wconf 91' lang='lat' dir='ltr'><strong>omnes</strong></span> <span class='ocrx_word' id='word_1_237' title='bbox 1142 2189 1322 2233; x_wconf 86' lang='lat' dir='ltr'><strong>relatum</strong></span> <span class='ocrx_word' id='word_1_238' title='bbox 1349 2190 1493 2243; x_wconf 86' lang='lat' dir='ltr'><strong>fuerit,</strong></span> <span class='ocrx_word' id='word_1_239' title='bbox 1530 2205 1608 2246; x_wconf 88' lang='lat' dir='ltr'><strong>per</strong></span> <span class='ocrx_word' id='word_1_240' title='bbox 1638 2195 1774 2236; x_wconf 90' lang='lat' dir='ltr'><strong>trans-</strong></span> 
     </span>
     <span class='ocr_line' id='line_1_31' title="bbox 290 2257 1774 2319; baseline 0.001 -16"><span class='ocrx_word' id='word_1_241' title='bbox 290 2259 489 2303; x_wconf 85' lang='lat' dir='ltr'><strong>lationem</strong></span> <span class='ocrx_word' id='word_1_242' title='bbox 516 2259 702 2314; x_wconf 91' lang='lat' dir='ltr'><strong>aliquam</strong></span> <span class='ocrx_word' id='word_1_243' title='bbox 730 2258 911 2311; x_wconf 80' lang='lat' dir='ltr'><strong>indicet3</strong></span> <span class='ocrx_word' id='word_1_244' title='bbox 945 2257 1072 2313; x_wconf 81' lang='lat' dir='ltr'><strong>idque</strong></span> <span class='ocrx_word' id='word_1_245' title='bbox 1097 2258 1314 2302; x_wconf 88' lang='lat' dir='ltr'><strong>Platonica</strong></span> <span class='ocrx_word' id='word_1_246' title='bbox 1339 2259 1565 2303; x_wconf 87' lang='lat' dir='ltr'><strong>locutione:</strong></span> <span class='ocrx_word' id='word_1_247' title='bbox 1594 2257 1774 2319; x_wconf 74' lang='grc' dir='ltr'><strong><em>ὥσπερ</em></strong></span> 
     </span>
     <span class='ocr_line' id='line_1_32' title="bbox 294 2324 1777 2385; baseline 0.001 -14"><span class='ocrx_word' id='word_1_248' title='bbox 294 2325 351 2372; x_wconf 70' lang='grc' dir='ltr'><strong>ἓν</strong></span> <span class='ocrx_word' id='word_1_249' title='bbox 379 2330 606 2374; x_wconf 83' lang='grc' dir='ltr'><em>τέλειον</em></span> <span class='ocrx_word' id='word_1_250' title='bbox 636 2329 727 2385; x_wconf 84' lang='lat' dir='ltr'><strong>(cfr.</strong></span> <span class='ocrx_word' id='word_1_251' title='bbox 756 2327 989 2372; x_wconf 86' lang='lat' dir='ltr'><strong>Parmenid.</strong></span> <span class='ocrx_word' id='word_1_252' title='bbox 1018 2342 1058 2382; x_wconf 88' lang='lat' dir='ltr'><strong>p.</strong></span> <span class='ocrx_word' id='word_1_253' title='bbox 1088 2332 1190 2371; x_wconf 86' lang='lat' dir='ltr'><strong>157e</strong></span> <span class='ocrx_word' id='word_1_254' title='bbox 1224 2327 1272 2379; x_wconf 78' lang='grc' dir='ltr'><strong>ἐξ</strong></span> <span class='ocrx_word' id='word_1_255' title='bbox 1299 2324 1505 2372; x_wconf 80' lang='grc' dir='ltr'><em>ἁπάντων</em></span> <span class='ocrx_word' id='word_1_256' title='bbox 1536 2326 1581 2372; x_wconf 73' lang='grc' dir='ltr'><strong>ἓν</strong></span> <span class='ocrx_word' id='word_1_257' title='bbox 1609 2329 1777 2374; x_wconf 80' lang='grc' dir='ltr'><em>τέλειον</em></span> 
     </span>
     <span class='ocr_line' id='line_1_33' title="bbox 295 2395 1776 2454; baseline -0.002 -11"><span class='ocrx_word' id='word_1_258' title='bbox 295 2395 496 2454; x_wconf 72' lang='grc' dir='ltr'><em>γεγονός)</em></span> <span class='ocrx_word' id='word_1_259' title='bbox 526 2410 765 2451; x_wconf 88' lang='lat' dir='ltr'><strong>expressum</strong></span> <span class='ocrx_word' id='word_1_260' title='bbox 793 2395 919 2438; x_wconf 88' lang='lat' dir='ltr'><strong>fuisse</strong></span> <span class='ocrx_word' id='word_1_261' title='bbox 948 2398 1067 2449; x_wconf 91' lang='lat' dir='ltr'><strong>put0,</strong></span> <span class='ocrx_word' id='word_1_262' title='bbox 1105 2395 1216 2450; x_wconf 90' lang='lat' dir='ltr'><strong>quod</strong></span> <span class='ocrx_word' id='word_1_263' title='bbox 1246 2399 1289 2438; x_wconf 91' lang='lat' dir='ltr'><strong>et</strong></span> <span class='ocrx_word' id='word_1_264' title='bbox 1317 2395 1555 2439; x_wconf 86' lang='lat' dir='ltr'><strong>litterarum</strong></span> <span class='ocrx_word' id='word_1_265' title='bbox 1581 2411 1776 2453; x_wconf 83' lang='lat' dir='ltr'><strong>magnam</strong></span> 
     </span>
     <span class='ocr_line' id='line_1_34' title="bbox 293 2462 1777 2523; baseline 0.001 -13"><span class='ocrx_word' id='word_1_266' title='bbox 293 2482 386 2511; x_wconf 89' lang='lat' dir='ltr'><strong>cum</strong></span> <span class='ocrx_word' id='word_1_267' title='bbox 422 2468 495 2510; x_wconf 92' lang='lat' dir='ltr'><strong>illo</strong></span> <span class='ocrx_word' id='word_1_268' title='bbox 534 2468 666 2511; x_wconf 87' lang='lat' dir='ltr'><strong>altero</strong></span> <span class='ocrx_word' id='word_1_269' title='bbox 703 2466 1020 2510; x_wconf 89' lang='lat' dir='ltr'><strong>similitudinem</strong></span> <span class='ocrx_word' id='word_1_270' title='bbox 1067 2466 1196 2510; x_wconf 93' lang='lat' dir='ltr'><strong>habet</strong></span> <span class='ocrx_word' id='word_1_271' title='bbox 1234 2471 1276 2509; x_wconf 89' lang='lat' dir='ltr'><strong>et</strong></span> <span class='ocrx_word' id='word_1_272' title='bbox 1314 2481 1362 2510; x_wconf 88' lang='lat' dir='ltr'><strong>eo</strong></span> <span class='ocrx_word' id='word_1_273' title='bbox 1409 2483 1573 2523; x_wconf 90' lang='lat' dir='ltr'><strong>quoque</strong></span> <span class='ocrx_word' id='word_1_274' title='bbox 1610 2462 1777 2512; x_wconf 62' lang='lat' dir='ltr'><strong>videtur</strong></span> 
     </span>
     <span class='ocr_line' id='line_1_35' title="bbox 290 2536 1772 2592; baseline 0.003 -13"><span class='ocrx_word' id='word_1_275' title='bbox 290 2536 593 2592; x_wconf 88' lang='lat' dir='ltr'><strong>quodammodo</strong></span> <span class='ocrx_word' id='word_1_276' title='bbox 621 2540 758 2579; x_wconf 89' lang='lat' dir='ltr'><strong>tutum</strong></span> <span class='ocrx_word' id='word_1_277' title='bbox 786 2537 1013 2591; x_wconf 87' lang='lat' dir='ltr'><strong>praestari,</strong></span> <span class='ocrx_word' id='word_1_278' title='bbox 1043 2536 1154 2591; x_wconf 90' lang='lat' dir='ltr'><strong>quod</strong></span> <span class='ocrx_word' id='word_1_279' title='bbox 1180 2536 1428 2580; x_wconf 88' lang='lat' dir='ltr'><strong>Plutarchus</strong></span> <span class='ocrx_word' id='word_1_280' title='bbox 1457 2538 1670 2582; x_wconf 90' lang='lat' dir='ltr'><strong>Musarum</strong></span> <span class='ocrx_word' id='word_1_281' title='bbox 1698 2554 1772 2588; x_wconf 86' lang='lat' dir='ltr'><strong>nu-</strong></span> 
     </span>
     <span class='ocr_line' id='line_1_36' title="bbox 290 2607 1770 2662; baseline 0.002 -12"><span class='ocrx_word' id='word_1_282' title='bbox 290 2609 396 2651; x_wconf 87' lang='lat' dir='ltr'><strong>meri</strong></span> <span class='ocrx_word' id='word_1_283' title='bbox 420 2609 809 2662; x_wconf 86' lang='lat' dir='ltr'><strong>interpretationem</strong></span> <span class='ocrx_word' id='word_1_284' title='bbox 834 2607 975 2661; x_wconf 85' lang='lat' dir='ltr'><strong>paullo</strong></span> <span class='ocrx_word' id='word_1_285' title='bbox 996 2607 1108 2650; x_wconf 90' lang='lat' dir='ltr'><strong>infra</strong></span> <span class='ocrx_word' id='word_1_286' title='bbox 1136 2607 1323 2651; x_wconf 87' lang='lat' dir='ltr'><strong>stabilire</strong></span> <span class='ocrx_word' id='word_1_287' title='bbox 1345 2612 1519 2651; x_wconf 85' lang='lat' dir='ltr'><strong>conatur</strong></span> <span class='ocrx_word' id='word_1_288' title='bbox 1544 2610 1770 2653; x_wconf 82' lang='lat' dir='ltr'><strong>subtiliori-</strong></span> 
     </span>
     <span class='ocr_line' id='line_1_37' title="bbox 288 2674 1773 2730; baseline 0.001 -13"><span class='ocrx_word' id='word_1_289' title='bbox 288 2676 366 2718; x_wconf 85' lang='lat' dir='ltr'><strong>bus</strong></span> <span class='ocrx_word' id='word_1_290' title='bbox 387 2675 637 2730; x_wconf 88' lang='lat' dir='ltr'><strong>quibusdam</strong></span> <span class='ocrx_word' id='word_1_291' title='bbox 660 2676 712 2718; x_wconf 92' lang='lat' dir='ltr'><strong>de</strong></span> <span class='ocrx_word' id='word_1_292' title='bbox 734 2688 1002 2718; x_wconf 89' lang='lat' dir='ltr'><strong>numerorum</strong></span> <span class='ocrx_word' id='word_1_293' title='bbox 1026 2674 1316 2717; x_wconf 83' lang='lat' dir='ltr'><strong>convenientia</strong></span> <span class='ocrx_word' id='word_1_294' title='bbox 1338 2676 1704 2729; x_wconf 86' lang='lat' dir='ltr'><strong>conclusiunculis,</strong></span> <span class='ocrx_word' id='word_1_295' title='bbox 1729 2677 1773 2719; x_wconf 93' lang='lat' dir='ltr'><strong>in</strong></span> 
     </span>
     <span class='ocr_line' id='line_1_38' title="bbox 290 2744 1769 2802; baseline 0.001 -15"><span class='ocrx_word' id='word_1_296' title='bbox 290 2745 440 2802; x_wconf 87' lang='lat' dir='ltr'><strong>quibus</strong></span> <span class='ocrx_word' id='word_1_297' title='bbox 468 2745 669 2787; x_wconf 85' lang='lat' dir='ltr'><strong>rimandis</strong></span> <span class='ocrx_word' id='word_1_298' title='bbox 698 2744 1038 2799; x_wconf 89' lang='lat' dir='ltr'><strong>explicandisque</strong></span> <span class='ocrx_word' id='word_1_299' title='bbox 1058 2747 1216 2787; x_wconf 86' lang='lat' dir='ltr'><strong>veteres</strong></span> <span class='ocrx_word' id='word_1_300' title='bbox 1244 2745 1541 2801; x_wconf 84' lang='lat' dir='ltr'><strong>mythographi</strong></span> <span class='ocrx_word' id='word_1_301' title='bbox 1571 2751 1614 2789; x_wconf 91' lang='lat' dir='ltr'><strong>et</strong></span> <span class='ocrx_word' id='word_1_302' title='bbox 1640 2747 1769 2789; x_wconf 85' lang='lat' dir='ltr'><strong>omni-</strong></span> 
     </span>
     <span class='ocr_line' id='line_1_39' title="bbox 289 2814 1771 2873; baseline 0 -14"><span class='ocrx_word' id='word_1_303' title='bbox 289 2829 360 2859; x_wconf 88' lang='lat' dir='ltr'><strong>um</strong></span> <span class='ocrx_word' id='word_1_304' title='bbox 393 2815 572 2858; x_wconf 85' lang='lat' dir='ltr'><strong>maxime</strong></span> <span class='ocrx_word' id='word_1_305' title='bbox 613 2815 780 2860; x_wconf 88' lang='lat' dir='ltr'><strong>Tzetzes</strong></span> <span class='ocrx_word' id='word_1_306' title='bbox 816 2814 989 2859; x_wconf 88' lang='lat' dir='ltr'><strong>mirifice</strong></span> <span class='ocrx_word' id='word_1_307' title='bbox 1031 2815 1111 2858; x_wconf 88' lang='lat' dir='ltr'><strong>sibi</strong></span> <span class='ocrx_word' id='word_1_308' title='bbox 1147 2815 1396 2869; x_wconf 87' lang='lat' dir='ltr'><strong>placuerunt</strong></span> <span class='ocrx_word' id='word_1_309' title='bbox 1425 2816 1514 2873; x_wconf 85' lang='lat' dir='ltr'><strong>(cfr.</strong></span> <span class='ocrx_word' id='word_1_310' title='bbox 1547 2815 1688 2859; x_wconf 89' lang='lat' dir='ltr'><strong>Osann</strong></span> <span class='ocrx_word' id='word_1_311' title='bbox 1717 2816 1771 2859; x_wconf 87' lang='lat' dir='ltr'><strong>ad</strong></span> 
     </span>
     <span class='ocr_line' id='line_1_40' title="bbox 292 2883 1773 2942; baseline -0.001 -13"><span class='ocrx_word' id='word_1_312' title='bbox 292 2884 520 2929; x_wconf 88' lang='lat' dir='ltr'><strong>Cornutum</strong></span> <span class='ocrx_word' id='word_1_313' title='bbox 536 2897 575 2938; x_wconf 85' lang='lat' dir='ltr'><strong>p.</strong></span> <span class='ocrx_word' id='word_1_314' title='bbox 593 2889 648 2928; x_wconf 89' lang='grc'><strong>44</strong></span> <span class='ocrx_word' id='word_1_315' title='bbox 663 2886 783 2942; x_wconf 69' lang='lat' dir='ltr'><strong>sqq).</strong></span> <span class='ocrx_word' id='word_1_316' title='bbox 840 2883 1195 2937; x_wconf 87' lang='lat' dir='ltr'><strong>Quemadmodum</strong></span> <span class='ocrx_word' id='word_1_317' title='bbox 1211 2884 1254 2928; x_wconf 89' lang='lat' dir='ltr'><strong>in</strong></span> <span class='ocrx_word' id='word_1_318' title='bbox 1275 2885 1366 2927; x_wconf 92' lang='lat' dir='ltr'><strong>loco</strong></span> <span class='ocrx_word' id='word_1_319' title='bbox 1384 2884 1576 2940; x_wconf 88' lang='lat' dir='ltr'><strong>inprimis</strong></span> <span class='ocrx_word' id='word_1_320' title='bbox 1597 2884 1773 2929; x_wconf 81' lang='lat' dir='ltr'><strong>notabili</strong></span> 
     </span>
    </p>
   </div>
  </div>
 </body>
</html>
